{"e":"depthUpdate","E":1710729770991,"s":"UNIUSDT","U":4117895375,"u":4117895430,"b":[["12.26800000","15.00000000"],["12.26700000","0.00000000"],["12.26600000","95.12000000"],["12.26500000","187.24000000"],["12.26400000","93.65000000"],["12.25400000","1023.41000000"],["12.25300000","257.43000000"],["12.24200000","610.11000000"]],"a":[["12.26900000","140.79000000"],["12.27000000","221.58000000"],["12.27100000","131.60000000"],["12.27200000","107.82000000"],["12.27300000","227.61000000"],["12.27400000","570.46000000"],["12.27500000","185.49000000"],["12.27800000","152.56000000"],["12.28300000","966.48000000"],["12.28500000","0.00000000"],["12.28800000","83.20000000"]]}
{"e":"depthUpdate","E":1710729771991,"s":"UNIUSDT","U":4117895431,"u":4117895435,"b":[["12.26200000","371.00000000"]],"a":[["12.27400000","418.52000000"],["12.27500000","289.38000000"],["12.29700000","7.03000000"],["12.30300000","2764.60000000"]]}
{"e":"depthUpdate","E":1710729772991,"s":"UNIUSDT","U":4117895436,"u":4117895442,"b":[["12.26600000","166.99000000"],["12.26500000","151.69000000"],["12.26400000","12.06000000"],["12.14000000","82.97000000"]],"a":[["12.28900000","32.00000000"]]}
{"e":"depthUpdate","E":1710729773991,"s":"UNIUSDT","U":4117895443,"u":4117895505,"b":[["12.26800000","15.00000000"],["12.26700000","117.08000000"],["12.26600000","161.79000000"],["12.26500000","40.69000000"],["12.25900000","522.79000000"],["12.25700000","1387.25000000"],["12.25400000","901.01000000"],["12.25300000","216.62000000"],["12.24700000","200.46000000"],["12.24300000","341.67000000"],["12.21900000","3434.90000000"],["12.21800000","0.00000000"],["4.41700000","27.16000000"],["4.41600000","8.16000000"]],"a":[["12.26900000","0.82000000"],["12.27000000","65.76000000"],["12.27200000","189.36000000"],["12.27400000","298.52000000"],["12.27500000","276.00000000"],["12.27600000","364.98000000"],["12.27700000","284.63000000"],["12.27800000","244.42000000"],["12.28300000","1047.94000000"],["12.28400000","899.03000000"],["12.28700000","421.40000000"],["12.28800000","142.20000000"],["12.30200000","1.07000000"]]}
{"e":"depthUpdate","E":1710729774992,"s":"UNIUSDT","U":4117895506,"u":4117895512,"b":[["12.24400000","432.89000000"],["12.24000000","1125.14000000"]],"a":[["12.27100000","135.67000000"],["12.27400000","302.59000000"],["12.28400000","899.03000000"],["12.28900000","132.00000000"]]}
{"e":"depthUpdate","E":1710729775991,"s":"UNIUSDT","U":4117895513,"u":4117895516,"b":[["12.26700000","105.67000000"],["12.25700000","1340.21000000"]],"a":[["12.28500000","38.72000000"],["12.28900000","32.00000000"]]}
{"e":"depthUpdate","E":1710729776992,"s":"UNIUSDT","U":4117895517,"u":4117895537,"b":[["12.26700000","0.00000000"],["12.26100000","391.24000000"],["12.25700000","981.25000000"]],"a":[["12.26900000","105.25000000"],["12.27000000","247.90000000"],["12.27100000","217.21000000"],["12.27200000","147.82000000"],["12.27500000","116.00000000"],["12.28800000","242.20000000"]]}
{"e":"depthUpdate","E":1710729777991,"s":"UNIUSDT","U":4117895538,"u":4117895565,"b":[["12.26600000","190.65000000"],["12.26500000","92.36000000"],["12.26400000","92.06000000"],["12.25800000","521.86000000"],["12.25400000","941.81000000"],["12.24400000","101.88000000"],["12.24200000","328.58000000"],["12.24100000","926.16000000"]],"a":[["12.27000000","221.58000000"],["12.27100000","135.67000000"],["12.28800000","142.20000000"],["12.29000000","272.32000000"],["12.29100000","221.41000000"],["12.30100000","204.34000000"]]}
{"e":"depthUpdate","E":1710729778991,"s":"UNIUSDT","U":4117895566,"u":4117895579,"b":[["12.26700000","11.41000000"],["12.26600000","108.46000000"],["12.26500000","123.88000000"],["12.25500000","387.64000000"],["12.25300000","216.62000000"],["12.21900000","2945.68000000"],["12.21700000","497.03000000"],["11.04100000","5.43000000"],["11.00600000","0.00000000"],["11.00500000","1.05000000"]],"a":[["12.26900000","93.19000000"],["12.28900000","132.00000000"],["12.29100000","121.41000000"]]}
{"e":"depthUpdate","E":1710729779992,"s":"UNIUSDT","U":4117895580,"u":4117895587,"b":[["12.26700000","11.41000000"],["12.26600000","110.46000000"],["12.25400000","1023.41000000"],["12.23800000","0.00000000"],["11.04100000","6.27000000"]],"a":[["12.26900000","94.01000000"]]}
{"e":"depthUpdate","E":1710729780991,"s":"UNIUSDT","U":4117895588,"u":4117895597,"b":[["12.26400000","245.33000000"],["12.26300000","122.57000000"],["12.26100000","406.08000000"],["12.25400000","1105.01000000"],["12.25300000","257.43000000"],["4.41700000","28.52000000"]],"a":[["12.27600000","368.33000000"],["12.28900000","32.00000000"],["12.29000000","372.32000000"]]}
{"e":"depthUpdate","E":1710729781992,"s":"UNIUSDT","U":4117895598,"u":4117895608,"b":[["12.26500000","75.93000000"],["12.26400000","205.33000000"],["12.24800000","12.09000000"],["12.24300000","329.22000000"]],"a":[["12.26900000","93.20000000"],["12.28000000","231.58000000"],["12.28700000","408.95000000"],["12.28900000","132.00000000"],["12.29000000","272.32000000"]]}
{"e":"depthUpdate","E":1710729782992,"s":"UNIUSDT","U":4117895609,"u":4117895909,"b":[["12.27300000","0.00000000"],["12.27200000","119.89000000"],["12.27100000","258.29000000"],["12.27000000","68.19000000"],["12.26900000","136.86000000"],["12.26800000","144.37000000"],["12.26700000","278.63000000"],["12.26600000","477.14000000"],["12.26500000","534.22000000"],["12.26400000","492.39000000"],["12.26200000","569.64000000"],["12.26100000","897.00000000"],["12.26000000","502.29000000"],["12.25900000","430.44000000"],["12.25800000","554.34000000"],["12.25700000","816.99000000"],["12.25600000","1038.23000000"],["12.25500000","172.23000000"],["12.25400000","1327.54000000"],["12.25300000","165.45000000"],["12.25200000","225.80000000"],["12.25100000","30.00000000"],["12.25000000","2910.87000000"],["12.24900000","494.98000000"],["12.24800000","0.00000000"],["12.24700000","139.34000000"],["12.24600000","830.86000000"],["12.24500000","24.16000000"],["12.24400000","342.65000000"],["12.24100000","644.63000000"],["12.24000000","1084.31000000"],["12.23600000","2330.08000000"],["12.23500000","1026.60000000"],["12.23400000","290.26000000"],["12.23200000","684.25000000"],["12.22500000","260.89000000"],["12.22100000","287.50000000"],["12.21300000","282.41000000"],["12.17400000","1.00000000"]],"a":[["12.26900000","0.00000000"],["12.27000000","0.00000000"],["12.27100000","0.00000000"],["12.27200000","0.00000000"],["12.27300000","0.00000000"],["12.27400000","0.63000000"],["12.27500000","246.24000000"],["12.27600000","257.16000000"],["12.27700000","92.71000000"],["12.27800000","178.26000000"],["12.27900000","54.52000000"],["12.28000000","538.84000000"],["12.28100000","359.66000000"],["12.28200000","375.50000000"],["12.28300000","82.08000000"],["12.28400000","11.41000000"],["12.28500000","420.21000000"],["12.28600000","350.00000000"],["12.28700000","419.69000000"],["12.28800000","83.20000000"],["12.28900000","32.00000000"],["12.29000000","146.84000000"],["12.29200000","1457.37000000"],["12.29300000","56.00000000"],["12.29400000","1615.84000000"],["12.29600000","197.68000000"],["12.29900000","78.14000000"],["12.30000000","1049.60000000"],["12.30100000","109.12000000"],["12.30300000","2764.60000000"],["12.30400000","2.14000000"],["12.30600000","778.43000000"],["12.30800000","203.26000000"],["12.31000000","6.18000000"],["12.31600000","62.12000000"],["12.31700000","0.49000000"],["12.31800000","270.60000000"],["12.32000000","0.00000000"],["12.32200000","394.44000000"],["12.32700000","405.91000000"],["12.32800000","4.57000000"],["12.33200000","233.36000000"],["12.34200000","90.81000000"]]}
{"e":"depthUpdate","E":1710729783991,"s":"UNIUSDT","U":4117895910,"u":4117896010,"b":[["12.27300000","44.38000000"],["12.27200000","162.82000000"],["12.27100000","56.54000000"],["12.27000000","180.79000000"],["12.26900000","333.89000000"],["12.26800000","27.25000000"],["12.26700000","197.83000000"],["12.26600000","436.39000000"],["12.26200000","764.71000000"],["12.25900000","267.37000000"],["12.25800000","729.34000000"],["12.25400000","1560.66000000"],["12.25200000","265.91000000"],["12.24800000","61.09000000"],["12.24700000","431.67000000"],["12.24600000","414.27000000"],["12.24500000","574.01000000"],["12.24400000","0.00000000"],["12.24000000","622.31000000"],["12.23700000","0.69000000"],["12.23100000","600.70000000"],["12.22300000","751.19000000"],["12.21700000","7.85000000"],["12.16700000","241.09000000"],["12.14400000","136.91000000"],["12.11300000","20.44000000"],["12.07400000","0.00000000"]],"a":[["12.27400000","0.00000000"],["12.27500000","38.03000000"],["12.27600000","337.23000000"],["12.27700000","261.48000000"],["12.27800000","298.26000000"],["12.27900000","332.23000000"],["12.28000000","292.68000000"],["12.28200000","432.90000000"],["12.28400000","12.06000000"],["12.28500000","61.23000000"],["12.28600000","175.00000000"],["12.28700000","523.74000000"],["12.28800000","341.99000000"],["12.28900000","207.00000000"],["12.29300000","628.16000000"],["12.29400000","1102.90000000"],["12.29500000","2104.40000000"],["12.29700000","77.99000000"],["12.29900000","0.00000000"],["12.30000000","892.21000000"],["12.30200000","79.18000000"],["12.30300000","3477.27000000"],["12.30600000","778.43000000"],["12.31600000","0.00000000"],["12.31900000","2166.52000000"],["12.32000000","233.54000000"],["12.32100000","0.66000000"],["12.32200000","160.90000000"],["12.32500000","143.89000000"]]}
{"e":"depthUpdate","E":1710729784992,"s":"UNIUSDT","U":4117896011,"u":4117896116,"b":[["12.27300000","0.00000000"],["12.27200000","15.00000000"],["12.27100000","8.15000000"],["12.27000000","112.68000000"],["12.26900000","166.80000000"],["12.26800000","100.25000000"],["12.26700000","360.78000000"],["12.26400000","595.41000000"],["12.26000000","399.27000000"],["12.25800000","603.91000000"],["12.25600000","1163.66000000"],["12.25400000","1144.35000000"],["12.25200000","682.25000000"],["12.25000000","2910.87000000"],["12.24800000","522.74000000"],["12.24700000","370.54000000"],["12.24500000","24.16000000"],["12.24400000","281.41000000"],["12.24100000","1194.48000000"],["4.41800000","6.80000000"]],"a":[["12.27300000","28.37000000"],["12.27400000","72.22000000"],["12.27500000","262.62000000"],["12.27600000","358.87000000"],["12.27700000","179.98000000"],["12.28000000","374.16000000"],["12.28500000","250.80000000"],["12.28800000","341.99000000"],["12.28900000","207.00000000"],["12.29300000","428.92000000"],["12.29400000","1202.90000000"],["12.29600000","97.68000000"],["12.29700000","110.38000000"],["12.30900000","0.00000000"]]}
{"e":"depthUpdate","E":1710729785992,"s":"UNIUSDT","U":4117896117,"u":4117896150,"b":[["12.27200000","14.16000000"],["12.27100000","135.22000000"],["12.27000000","167.74000000"],["12.26800000","316.60000000"],["12.25500000","59.17000000"],["12.25400000","1205.45000000"],["12.25300000","153.36000000"],["12.25200000","621.16000000"],["12.25000000","2971.96000000"],["12.24700000","382.99000000"],["12.20100000","149.53000000"],["12.18100000","3.35000000"],["12.10000000","456.16000000"],["12.09700000","20.46000000"]],"a":[["12.27300000","0.00000000"],["12.27400000","75.73000000"],["12.27500000","266.69000000"],["12.27600000","440.38000000"],["12.27900000","336.30000000"],["12.28000000","292.68000000"],["12.28500000","238.71000000"],["12.29000000","159.29000000"],["12.30800000","406.52000000"]]}
{"e":"depthUpdate","E":1710729786992,"s":"UNIUSDT","U":4117896151,"u":4117896161,"b":[["12.27200000","14.16000000"],["12.27100000","298.23000000"],["12.27000000","86.20000000"],["12.26500000","591.90000000"],["12.25500000","1.27000000"],["4.40500000","47.95000000"],["4.40300000","18.70000000"],["4.40100000","5.48000000"]],"a":[["12.27800000","398.26000000"],["12.29400000","1202.90000000"]]}
{"e":"depthUpdate","E":1710729787991,"s":"UNIUSDT","U":4117896162,"u":4117896178,"b":[["12.27200000","83.80000000"],["12.27100000","131.16000000"],["12.27000000","56.78000000"],["12.23300000","163.89000000"]],"a":[["12.29300000","414.96000000"],["12.29400000","1202.90000000"],["12.29800000","225.68000000"],["12.31400000","137.62000000"],["12.32900000","489.18000000"],["12.33100000","1.18000000"],["12.35200000","2105.16000000"],["12.35500000","25.50000000"],["12.38900000","5180.25000000"]]}
{"e":"depthUpdate","E":1710729788992,"s":"UNIUSDT","U":4117896179,"u":4117896219,"b":[["12.27300000","43.75000000"],["12.27200000","201.84000000"],["12.27100000","121.47000000"],["12.26800000","236.60000000"],["12.26700000","605.28000000"],["12.26100000","652.40000000"],["12.26000000","440.05000000"],["12.25900000","267.37000000"],["12.24700000","304.78000000"],["12.24400000","0.00000000"],["11.99300000","1.91000000"],["11.95300000","0.00000000"]],"a":[["12.27400000","3.51000000"],["12.27500000","296.11000000"],["12.27600000","251.67000000"],["12.29200000","1495.48000000"],["12.29300000","414.96000000"],["12.29400000","1102.90000000"],["12.29800000","307.15000000"],["12.30600000","683.21000000"],["12.38000000","1.34000000"],["12.44700000","0.00000000"],["12.48800000","0.00000000"]]}
{"e":"depthUpdate","E":1710729789992,"s":"UNIUSDT","U":4117896220,"u":4117896331,"b":[["12.27500000","0.00000000"],["12.27400000","91.04000000"],["12.27300000","207.08000000"],["12.27200000","194.38000000"],["12.26900000","168.78000000"],["12.26800000","318.16000000"],["12.26400000","669.20000000"],["12.26100000","756.44000000"],["12.26000000","399.27000000"],["12.25900000","193.58000000"],["12.25800000","360.73000000"],["12.25400000","1307.78000000"],["12.25300000","71.01000000"],["12.25000000","2869.59000000"],["12.24800000","804.14000000"],["12.24300000","930.01000000"],["12.23300000","163.10000000"],["12.23100000","0.70000000"],["12.20800000","130.02000000"],["12.20500000","1408.03000000"],["12.20100000","0.62000000"],["12.17100000","82.05000000"],["12.14400000","54.71000000"]],"a":[["12.27400000","0.00000000"],["12.27500000","0.00000000"],["12.27600000","67.61000000"],["12.27700000","229.38000000"],["12.27800000","392.42000000"],["12.27900000","101.67000000"],["12.28000000","113.54000000"],["12.28100000","375.14000000"],["12.28200000","451.01000000"],["12.28300000","327.22000000"],["12.28400000","448.20000000"],["12.28500000","239.41000000"],["12.28600000","613.54000000"],["12.29200000","1425.48000000"],["12.29300000","0.00000000"],["12.29400000","1102.90000000"],["12.29500000","2157.40000000"],["12.29600000","97.68000000"],["12.30100000","0.00000000"],["12.30400000","111.26000000"],["12.30600000","683.21000000"],["12.30700000","369.13000000"],["12.31500000","225.13000000"],["12.31800000","83.27000000"],["12.31900000","2402.33000000"],["12.32000000","187.33000000"],["12.32200000","0.00000000"],["12.32400000","244.15000000"],["12.32500000","377.43000000"],["12.54700000","0.84000000"]]}
{"e":"depthUpdate","E":1710729790992,"s":"UNIUSDT","U":4117896332,"u":4117896351,"b":[["12.27500000","7.00000000"],["12.27400000","8.14000000"],["12.27300000","229.50000000"],["12.27100000","92.05000000"],["12.26100000","1069.26000000"],["12.26000000","440.05000000"]],"a":[["12.27600000","86.82000000"],["12.27900000","65.17000000"],["12.28000000","138.87000000"],["12.28100000","379.21000000"],["12.28200000","723.05000000"],["12.29500000","53.00000000"],["12.29700000","210.38000000"],["12.30800000","2510.92000000"]]}
{"e":"depthUpdate","E":1710729791992,"s":"UNIUSDT","U":4117896352,"u":4117896353,"b":[["12.27500000","15.00000000"],["12.27300000","221.50000000"]],"a":[]}
{"e":"depthUpdate","E":1710730457016,"s":"UNIUSDT","U":4117952052,"u":4117952143,"b":[["12.37000000","141.15000000"],["12.36900000","88.77000000"],["12.36800000","195.71000000"],["12.36700000","119.56000000"],["12.36600000","190.46000000"],["12.36400000","290.33000000"],["12.36300000","236.15000000"],["12.36000000","366.12000000"],["12.35400000","527.68000000"],["12.35200000","33.61000000"],["12.35100000","171.69000000"],["12.35000000","845.80000000"],["12.34900000","217.81000000"],["12.34200000","1382.15000000"],["12.34100000","3075.46000000"],["12.33300000","128.63000000"]],"a":[["12.37100000","0.00000000"],["12.37200000","0.00000000"],["12.37300000","27.48000000"],["12.37400000","113.92000000"],["12.37500000","126.93000000"],["12.37600000","113.79000000"],["12.37700000","134.24000000"],["12.37800000","394.73000000"],["12.38000000","152.03000000"],["12.38100000","444.97000000"],["12.38200000","662.75000000"],["12.38500000","102.06000000"],["12.38600000","78.42000000"],["12.39400000","0.00000000"],["12.40600000","204.10000000"],["12.42000000","243.78000000"],["12.42400000","485.77000000"]]}
{"e":"depthUpdate","E":1710730458016,"s":"UNIUSDT","U":4117952144,"u":4117952148,"b":[["12.36900000","7.88000000"],["12.36800000","276.61000000"],["12.36500000","358.11000000"],["12.35000000","573.50000000"]],"a":[["12.37300000","72.06000000"]]}
{"e":"depthUpdate","E":1710730459015,"s":"UNIUSDT","U":4117952149,"u":4117952197,"b":[["12.37100000","23.75000000"],["12.37000000","113.96000000"],["12.36900000","244.69000000"],["12.36800000","144.87000000"],["12.36700000","79.56000000"],["12.36300000","317.08000000"],["12.36000000","285.17000000"],["12.35600000","1485.64000000"],["12.35400000","527.68000000"],["12.35200000","11.29000000"],["12.35100000","157.73000000"]],"a":[["12.37300000","0.00000000"],["12.37400000","50.42000000"],["12.37500000","159.30000000"],["12.37600000","213.68000000"],["12.37700000","97.43000000"],["12.37800000","313.89000000"],["12.38200000","743.56000000"],["12.40500000","281.30000000"],["12.40600000","299.32000000"],["12.46100000","12.01000000"],["12.47900000","50.00000000"]]}
{"e":"depthUpdate","E":1710730460015,"s":"UNIUSDT","U":4117952198,"u":4117952204,"b":[["12.35600000","1471.68000000"]],"a":[["12.37300000","11.30000000"],["12.37500000","125.21000000"],["12.37600000","132.83000000"],["12.39900000","103.51000000"]]}
{"e":"depthUpdate","E":1710730461015,"s":"UNIUSDT","U":4117952205,"u":4117952235,"b":[["12.37100000","23.75000000"],["12.37000000","33.07000000"],["12.36900000","241.59000000"],["12.36800000","180.87000000"],["12.35500000","79.13000000"],["12.35400000","568.15000000"],["12.35300000","258.93000000"]],"a":[["12.37200000","11.30000000"],["12.37300000","64.86000000"],["12.37400000","141.35000000"],["12.37500000","44.35000000"],["12.38300000","364.94000000"],["12.38700000","328.58000000"],["12.39900000","103.51000000"]]}
{"e":"depthUpdate","E":1710730462016,"s":"UNIUSDT","U":4117952236,"u":4117952262,"b":[["12.37100000","15.67000000"],["12.37000000","41.15000000"],["12.36800000","140.87000000"],["12.36700000","119.56000000"],["12.36200000","445.47000000"],["12.35500000","79.13000000"],["12.35400000","568.15000000"],["12.34800000","243.14000000"],["12.34400000","1092.62000000"]],"a":[["12.37200000","0.00000000"],["12.37300000","64.86000000"],["12.37400000","196.32000000"],["12.37500000","84.35000000"],["12.37600000","33.79000000"],["12.37700000","17.43000000"],["12.37800000","79.66000000"],["12.37900000","56.71000000"],["12.38200000","986.16000000"]]}
{"e":"depthUpdate","E":1710730463016,"s":"UNIUSDT","U":4117952263,"u":4117952267,"b":[["12.35500000","119.60000000"]],"a":[["12.37700000","38.27000000"],["12.37800000","83.70000000"],["12.39900000","103.51000000"]]}
{"e":"depthUpdate","E":1710730464015,"s":"UNIUSDT","U":4117952268,"u":4117952289,"b":[["12.37100000","23.75000000"],["12.37000000","33.07000000"],["12.35700000","913.78000000"],["12.35400000","568.15000000"],["12.35200000","23.53000000"],["12.34500000","683.38000000"],["12.33600000","270.27000000"]],"a":[["12.37200000","0.00000000"],["12.37300000","6.66000000"],["12.37400000","130.05000000"],["12.37500000","159.38000000"],["12.37600000","113.79000000"],["12.38000000","156.06000000"],["12.39600000","613.50000000"],["12.39900000","3.51000000"],["12.40100000","1019.66000000"]]}
{"e":"depthUpdate","E":1710730465016,"s":"UNIUSDT","U":4117952290,"u":4117952476,"b":[["12.37400000","23.08000000"],["12.37300000","66.47000000"],["12.37200000","25.25000000"],["12.37100000","107.30000000"],["12.37000000","151.89000000"],["12.36900000","144.53000000"],["12.36800000","107.86000000"],["12.36700000","241.22000000"],["12.36300000","565.16000000"],["12.36100000","207.54000000"],["12.35800000","494.09000000"],["12.35700000","327.34000000"],["12.35600000","1298.58000000"],["12.35500000","38.66000000"],["12.35400000","527.68000000"],["12.35300000","326.55000000"],["12.35100000","168.69000000"],["12.35000000","674.85000000"],["12.34900000","511.21000000"],["12.34700000","533.98000000"],["12.34500000","324.38000000"],["12.34300000","0.00000000"],["12.34200000","1035.95000000"],["12.34100000","3543.37000000"],["12.33400000","148.24000000"],["12.32800000","0.00000000"]],"a":[["12.37300000","0.00000000"],["12.37400000","0.00000000"],["12.37500000","11.30000000"],["12.37600000","39.60000000"],["12.37700000","28.06000000"],["12.37800000","88.99000000"],["12.37900000","11.99000000"],["12.38000000","38.05000000"],["12.38100000","350.53000000"],["12.38200000","395.52000000"],["12.38300000","543.01000000"],["12.38400000","346.33000000"],["12.38600000","40.62000000"],["12.38700000","265.74000000"],["12.38800000","443.14000000"],["12.38900000","198.64000000"],["12.39000000","1381.17000000"],["12.39100000","172.00000000"],["12.39200000","183.30000000"],["12.39300000","448.89000000"],["12.39500000","443.25000000"],["12.39600000","387.82000000"],["12.39800000","155.28000000"],["12.39900000","3.51000000"],["12.40000000","10.41000000"],["12.40300000","1149.72000000"],["12.40400000","201.68000000"],["12.40500000","823.59000000"],["12.40600000","2.45000000"],["12.40800000","181.63000000"],["12.41500000","1.20000000"],["12.41600000","2104.40000000"],["12.41800000","64.11000000"],["12.41900000","267.81000000"],["12.42000000","431.11000000"],["12.42200000","0.00000000"],["12.42300000","0.00000000"],["12.42400000","646.67000000"],["12.42600000","333.20000000"],["12.42700000","273.51000000"]]}
{"e":"depthUpdate","E":1710730466016,"s":"UNIUSDT","U":4117952477,"u":4117952581,"b":[["12.37400000","0.00000000"],["12.37300000","33.45000000"],["12.37200000","33.33000000"],["12.37100000","87.92000000"],["12.37000000","111.89000000"],["12.36900000","144.53000000"],["12.36700000","275.53000000"],["12.36600000","190.46000000"],["12.36300000","634.39000000"],["12.35800000","747.05000000"],["12.35700000","246.37000000"],["12.35400000","541.64000000"],["12.34100000","3075.46000000"],["12.34000000","202.72000000"],["12.20100000","323.93000000"],["12.19600000","25.50000000"]],"a":[["12.37400000","11.30000000"],["12.37500000","201.13000000"],["12.37600000","51.98000000"],["12.37700000","0.65000000"],["12.37800000","16.62000000"],["12.37900000","101.41000000"],["12.38000000","93.58000000"],["12.38200000","476.33000000"],["12.38300000","502.94000000"],["12.38500000","102.06000000"],["12.38700000","11.30000000"],["12.38800000","731.54000000"],["12.38900000","901.59000000"],["12.39300000","481.28000000"],["12.40000000","110.41000000"],["12.40100000","1019.66000000"],["12.40200000","456.68000000"],["12.40300000","1049.72000000"],["12.40500000","918.81000000"],["12.40800000","86.41000000"],["12.41200000","202.62000000"]]}
{"e":"depthUpdate","E":1710730467015,"s":"UNIUSDT","U":4117952582,"u":4117952730,"b":[["12.37300000","0.00000000"],["12.37200000","0.00000000"],["12.37100000","0.00000000"],["12.37000000","27.07000000"],["12.36900000","60.92000000"],["12.36700000","235.53000000"],["12.36600000","271.37000000"],["12.36500000","518.11000000"],["12.36300000","235.75000000"],["12.35900000","532.57000000"],["12.35800000","428.80000000"],["12.35700000","488.96000000"],["12.35500000","356.99000000"],["12.35400000","284.98000000"],["12.35300000","287.72000000"],["12.35000000","674.85000000"],["12.34900000","564.01000000"],["12.34800000","201.12000000"],["12.34700000","473.38000000"],["12.34400000","1092.62000000"],["12.34300000","60.61000000"],["12.34200000","1035.95000000"],["12.33800000","842.18000000"]],"a":[["12.37100000","0.00000000"],["12.37200000","25.58000000"],["12.37300000","36.33000000"],["12.37400000","11.91000000"],["12.37500000","11.98000000"],["12.37600000","165.95000000"],["12.37700000","298.45000000"],["12.37800000","97.46000000"],["12.38000000","171.61000000"],["12.38100000","344.88000000"],["12.38300000","455.85000000"],["12.38400000","246.24000000"],["12.38500000","62.07000000"],["12.38600000","857.30000000"],["12.38700000","483.39000000"],["12.38800000","691.47000000"],["12.38900000","505.18000000"],["12.39600000","487.82000000"],["12.39900000","3.51000000"],["12.40000000","10.41000000"],["12.40500000","823.59000000"],["12.40600000","97.67000000"],["12.41200000","1.07000000"],["13.01600000","4.30000000"]]}
{"e":"depthUpdate","E":1710730468017,"s":"UNIUSDT","U":4117952731,"u":4117952780,"b":[["12.37000000","3.99000000"],["12.36900000","27.86000000"],["12.36800000","41.11000000"],["12.36700000","79.56000000"],["12.36500000","398.11000000"],["12.36200000","388.61000000"],["12.35600000","1242.58000000"],["12.35400000","284.98000000"],["12.35300000","244.30000000"],["12.35200000","33.64000000"],["12.35100000","182.65000000"],["12.34600000","1950.55000000"],["12.34400000","1134.64000000"],["12.33400000","351.05000000"]],"a":[["12.37100000","176.20000000"],["12.37200000","90.88000000"],["12.37300000","73.00000000"],["12.37600000","33.81000000"],["12.37700000","138.45000000"],["12.38200000","672.45000000"],["12.38300000","625.48000000"],["12.38900000","198.64000000"],["12.39600000","375.58000000"],["12.40100000","1032.71000000"],["12.40600000","2.45000000"]]}
{"e":"depthUpdate","E":1710730469016,"s":"UNIUSDT","U":4117952781,"u":4117952973,"b":[["12.36900000","28.79000000"],["12.36800000","3.20000000"],["12.36700000","11.30000000"],["12.36600000","20.05000000"],["12.36500000","44.32000000"],["12.36400000","147.89000000"],["12.36300000","135.43000000"],["12.36200000","308.91000000"],["12.36100000","207.54000000"],["12.36000000","520.69000000"],["12.35800000","658.83000000"],["12.35700000","442.39000000"],["12.35600000","229.20000000"],["12.35500000","168.85000000"],["12.35400000","255.75000000"],["12.35300000","121.29000000"],["12.35200000","256.36000000"],["12.35100000","182.65000000"],["12.35000000","342.74000000"],["12.34900000","165.01000000"],["12.34800000","1089.88000000"],["12.34700000","884.97000000"],["12.34600000","1487.98000000"],["12.34400000","1092.62000000"],["12.34300000","460.92000000"],["12.34200000","751.68000000"],["12.34100000","2808.56000000"],["12.33800000","641.08000000"],["12.33500000","2734.49000000"]],"a":[["12.37100000","215.03000000"],["12.37200000","80.61000000"],["12.37300000","11.93000000"],["12.37400000","11.91000000"],["12.37500000","92.84000000"],["12.37600000","33.81000000"],["12.37700000","213.82000000"],["12.37800000","99.18000000"],["12.37900000","316.89000000"],["12.38000000","246.84000000"],["12.38300000","628.85000000"],["12.38400000","419.24000000"],["12.38700000","11.30000000"],["12.38800000","616.24000000"],["12.38900000","925.56000000"],["12.39100000","0.00000000"],["12.39200000","11.30000000"],["12.39300000","40.05000000"],["12.39400000","0.00000000"],["12.39500000","270.15000000"],["12.39600000","475.58000000"],["12.40200000","388.80000000"],["12.41200000","188.40000000"],["12.42000000","243.78000000"],["12.42400000","485.77000000"]]}
{"e":"depthUpdate","E":1710730470016,"s":"UNIUSDT","U":4117952974,"u":4117953030,"b":[["12.36900000","0.00000000"],["12.36800000","0.00000000"],["12.36700000","52.39000000"],["12.36600000","44.33000000"],["12.36500000","16.82000000"],["12.36400000","107.89000000"],["12.36200000","468.91000000"],["12.35600000","402.20000000"],["12.35300000","244.27000000"],["12.35100000","17.81000000"],["12.34300000","501.33000000"],["12.34200000","1097.88000000"]],"a":[["12.37100000","170.98000000"],["12.37200000","294.95000000"],["12.37300000","238.98000000"],["12.37400000","175.55000000"],["12.37500000","182.59000000"],["12.37600000","182.27000000"],["12.38300000","668.92000000"],["12.38800000","739.22000000"],["12.38900000","262.64000000"],["12.41700000","160.90000000"]]}
{"e":"depthUpdate","E":1710730471016,"s":"UNIUSDT","U":4117953031,"u":4117953142,"b":[["12.37000000","0.00000000"],["12.36800000","0.00000000"],["12.36700000","0.00000000"],["12.36600000","15.00000000"],["12.36500000","57.27000000"],["12.36400000","3.89000000"],["12.36300000","216.36000000"],["12.36200000","308.91000000"],["12.36100000","367.54000000"],["12.35800000","262.43000000"],["12.35700000","616.88000000"],["12.35300000","121.29000000"],["12.35200000","296.84000000"],["12.35100000","11.92000000"],["12.35000000","382.46000000"],["12.34900000","288.03000000"],["12.34800000","1643.92000000"],["12.34700000","884.97000000"],["12.34500000","377.20000000"],["12.34400000","1092.62000000"],["12.34000000","263.35000000"]],"a":[["12.36700000","56.29000000"],["12.36800000","41.20000000"],["12.36900000","33.06000000"],["12.37000000","80.64000000"],["12.37100000","12.74000000"],["12.37200000","214.95000000"],["12.37500000","182.59000000"],["12.37600000","286.39000000"],["12.37700000","365.90000000"],["12.37800000","95.14000000"],["12.37900000","217.76000000"],["12.38000000","67.49000000"],["12.38300000","628.85000000"],["12.38400000","268.16000000"],["12.39900000","320.12000000"],["12.40500000","506.98000000"]]}
{"e":"depthUpdate","E":1710730472018,"s":"UNIUSDT","U":4117953143,"u":4117953243,"b":[["12.36600000","0.00000000"],["12.36500000","0.00000000"],["12.36400000","52.00000000"],["12.36300000","167.80000000"],["12.36100000","247.54000000"],["12.36000000","190.38000000"],["12.35700000","374.29000000"],["12.35600000","229.20000000"],["12.35200000","224.77000000"],["12.35100000","600.52000000"],["12.35000000","414.84000000"],["12.34900000","1290.65000000"],["12.34800000","1356.62000000"],["12.34700000","473.38000000"],["12.34500000","802.90000000"],["12.34300000","40.41000000"],["12.34100000","3269.65000000"],["12.34000000","202.72000000"],["12.33800000","641.08000000"],["12.33700000","308.68000000"]],"a":[["12.36500000","11.30000000"],["12.36600000","50.60000000"],["12.36700000","82.66000000"],["12.36800000","152.19000000"],["12.36900000","113.06000000"],["12.37000000","11.94000000"],["12.37100000","18.25000000"],["12.37200000","215.60000000"],["12.37300000","569.97000000"],["12.37400000","444.83000000"],["12.37500000","176.89000000"],["12.37600000","282.36000000"],["12.37900000","283.74000000"],["12.38300000","297.47000000"],["12.38800000","549.85000000"],["12.39400000","0.00000000"],["12.39600000","601.26000000"],["12.39800000","250.50000000"],["12.40200000","293.58000000"],["12.40500000","281.30000000"],["12.40900000","239.77000000"],["12.42600000","99.66000000"]]}
{"e":"depthUpdate","E":1710730473016,"s":"UNIUSDT","U":4117953244,"u":4117953497,"b":[["12.36400000","0.00000000"],["12.36300000","0.00000000"],["12.36200000","0.00000000"],["12.36100000","45.79000000"],["12.36000000","140.19000000"],["12.35900000","160.83000000"],["12.35800000","119.13000000"],["12.35700000","227.41000000"],["12.35600000","546.37000000"],["12.35400000","486.86000000"],["12.35300000","302.05000000"],["12.35200000","52.40000000"],["12.35100000","565.33000000"],["12.35000000","161.90000000"],["12.34900000","407.77000000"],["12.34800000","1721.62000000"],["12.34700000","982.33000000"],["12.34600000","1668.91000000"],["12.34500000","324.38000000"],["12.34400000","613.48000000"],["12.34300000","13.96000000"],["12.34200000","1509.67000000"],["12.34100000","2658.71000000"],["12.33900000","648.94000000"],["12.33800000","835.33000000"],["12.33700000","84.92000000"],["12.33600000","269.49000000"],["12.33500000","2266.41000000"],["12.33400000","1067.96000000"],["12.33000000","550.87000000"],["12.32800000","143.84000000"],["11.08200000","14.19000000"]],"a":[["12.36200000","0.00000000"],["12.36300000","107.47000000"],["12.36400000","248.50000000"],["12.36500000","55.98000000"],["12.36600000","130.75000000"],["12.36700000","298.35000000"],["12.36800000","113.91000000"],["12.36900000","81.57000000"],["12.37000000","34.75000000"],["12.37100000","118.34000000"],["12.37200000","16.59000000"],["12.37300000","52.34000000"],["12.37400000","913.40000000"],["12.37500000","605.37000000"],["12.37600000","528.27000000"],["12.37800000","338.06000000"],["12.38000000","190.55000000"],["12.38100000","1233.64000000"],["12.38200000","531.43000000"],["12.38300000","296.77000000"],["12.38400000","94.47000000"],["12.38500000","72.11000000"],["12.38600000","78.42000000"],["12.38700000","0.00000000"],["12.38800000","253.87000000"],["12.39000000","918.46000000"],["12.39100000","1119.66000000"],["12.39200000","0.00000000"],["12.39400000","0.00000000"],["12.39500000","284.64000000"],["12.39700000","2185.22000000"],["12.39800000","83.23000000"],["12.39900000","2794.41000000"],["12.40100000","13.05000000"],["12.40500000","18.35000000"],["12.40700000","56.63000000"],["12.41100000","160.71000000"],["12.41400000","83.22000000"],["12.41600000","0.00000000"],["12.42700000","129.82000000"],["12.43200000","2188.35000000"],["12.45500000","2.45000000"]]}
{"e":"depthUpdate","E":1710730474018,"s":"UNIUSDT","U":4117953498,"u":4117953651,"b":[["12.36100000","0.00000000"],["12.36000000","0.00000000"],["12.35900000","41.08000000"],["12.35800000","136.85000000"],["12.35600000","246.24000000"],["12.35500000","280.43000000"],["12.35400000","384.43000000"],["12.35300000","85.97000000"],["12.35200000","375.68000000"],["12.35000000","357.39000000"],["12.34900000","245.99000000"],["12.34700000","1086.33000000"],["12.34600000","1251.50000000"],["12.34400000","672.48000000"],["12.34300000","11.31000000"],["12.34200000","1097.88000000"],["12.34100000","2835.18000000"],["12.33900000","423.26000000"],["12.33800000","253.18000000"],["12.33700000","37.33000000"],["12.33400000","783.49000000"],["12.33200000","284.50000000"],["12.33000000","82.56000000"],["12.32300000","0.00000000"],["12.31000000","24.63000000"],["11.12500000","5.21000000"],["11.08200000","13.35000000"],["8.65600000","0.00000000"]],"a":[["12.36000000","0.00000000"],["12.36100000","0.00000000"],["12.36200000","51.67000000"],["12.36300000","111.58000000"],["12.36400000","47.65000000"],["12.36500000","15.98000000"],["12.36600000","98.38000000"],["12.36700000","260.21000000"],["12.36900000","287.48000000"],["12.37000000","792.16000000"],["12.37100000","911.88000000"],["12.37200000","419.07000000"],["12.37300000","52.34000000"],["12.37400000","128.00000000"],["12.37500000","489.24000000"],["12.37700000","113.64000000"],["12.37800000","95.14000000"],["12.37900000","194.32000000"],["12.38000000","190.55000000"],["12.38100000","889.42000000"],["12.38200000","323.41000000"],["12.38300000","458.58000000"],["12.38400000","83.18000000"],["12.38800000","639.61000000"],["12.38900000","362.64000000"],["12.39100000","1019.66000000"],["12.40200000","104.66000000"],["12.40300000","600.00000000"],["12.40500000","80.47000000"],["12.40600000","1.67000000"],["12.41200000","1.07000000"],["12.41700000","0.00000000"],["12.41800000","1.99000000"],["12.48600000","155.13000000"],["12.49900000","0.00000000"]]}
{"e":"depthUpdate","E":1710730475015,"s":"UNIUSDT","U":4117953652,"u":4117953782,"b":[["12.35900000","16.08000000"],["12.35800000","169.22000000"],["12.35700000","12.62000000"],["12.35600000","49.07000000"],["12.35500000","189.16000000"],["12.35400000","400.62000000"],["12.35300000","66.26000000"],["12.35100000","449.59000000"],["12.35000000","276.51000000"],["12.34900000","264.99000000"],["12.34800000","716.21000000"],["12.34700000","771.64000000"],["12.34600000","1070.57000000"],["12.34500000","497.38000000"],["12.34400000","99.50000000"],["12.34300000","365.31000000"],["12.34100000","3192.61000000"],["12.34000000","1091.48000000"],["12.33900000","835.20000000"],["12.33800000","0.00000000"],["12.33500000","2565.71000000"],["12.33400000","499.59000000"],["12.33200000","0.00000000"],["12.33100000","590.30000000"],["12.32900000","944.16000000"],["12.32800000","689.24000000"],["12.32500000","600.78000000"],["12.29400000","82.56000000"]],"a":[["12.36000000","11.31000000"],["12.36100000","49.06000000"],["12.36200000","107.85000000"],["12.36300000","52.00000000"],["12.36400000","15.28000000"],["12.36600000","99.01000000"],["12.36800000","535.36000000"],["12.36900000","532.08000000"],["12.37000000","430.15000000"],["12.37100000","188.91000000"],["12.37300000","690.40000000"],["12.37400000","906.26000000"],["12.37500000","176.89000000"],["12.37600000","547.96000000"],["12.37700000","113.64000000"],["12.37800000","293.78000000"],["12.37900000","194.32000000"],["12.38000000","123.73000000"],["12.38100000","888.76000000"],["12.38200000","80.81000000"],["12.38700000","179.89000000"],["12.38800000","639.61000000"],["12.38900000","64.00000000"],["12.39000000","898.77000000"],["12.39200000","13.05000000"],["12.39900000","2477.80000000"],["12.40400000","389.01000000"],["12.40800000","247.31000000"],["12.41800000","98.80000000"],["12.43000000","13.00000000"]]}
{"e":"depthUpdate","E":1710730476017,"s":"UNIUSDT","U":4117953783,"u":4117953832,"b":[["12.35900000","0.00000000"],["12.35800000","144.94000000"],["12.35600000","156.27000000"],["12.35400000","481.32000000"],["12.35100000","605.45000000"],["12.34600000","1151.48000000"],["12.34400000","252.65000000"],["12.34200000","1708.20000000"],["12.33800000","52.86000000"],["12.33500000","2607.79000000"],["12.33400000","752.86000000"],["12.33200000","60.67000000"],["12.29700000","0.64000000"],["12.27700000","147.99000000"],["4.44900000","4.02000000"]],"a":[["12.36000000","25.84000000"],["12.36100000","47.63000000"],["12.36200000","75.48000000"],["12.36600000","337.91000000"],["12.36700000","260.21000000"],["12.36800000","113.91000000"],["12.37400000","906.26000000"],["12.37600000","720.96000000"],["12.38100000","921.15000000"],["12.38200000","80.81000000"],["12.38300000","389.65000000"],["12.38500000","170.14000000"],["12.39300000","7.66000000"],["12.39500000","189.42000000"]]}
{"e":"depthUpdate","E":1710730477017,"s":"UNIUSDT","U":4117953833,"u":4117953997,"b":[["12.35800000","0.00000000"],["12.35700000","0.00000000"],["12.35600000","0.00000000"],["12.35500000","52.17000000"],["12.35400000","49.22000000"],["12.35300000","66.26000000"],["12.35200000","180.27000000"],["12.35100000","305.59000000"],["12.35000000","195.49000000"],["12.34800000","716.92000000"],["12.34700000","335.67000000"],["12.34600000","132.52000000"],["12.34500000","415.43000000"],["12.34400000","193.65000000"],["12.34300000","365.31000000"],["12.34200000","994.42000000"],["12.34100000","1535.62000000"],["12.34000000","1214.59000000"],["12.33900000","503.96000000"],["12.33800000","0.00000000"],["12.33700000","449.35000000"],["12.33600000","1104.13000000"],["12.33500000","2104.40000000"],["12.33400000","1012.46000000"],["12.33300000","474.83000000"],["12.33200000","461.40000000"],["12.33100000","324.02000000"],["12.32900000","787.93000000"],["12.32800000","143.84000000"],["12.32700000","2346.76000000"],["12.32600000","121.01000000"],["12.32500000","664.79000000"],["12.32400000","551.13000000"],["12.31900000","0.00000000"],["12.31500000","237.99000000"]],"a":[["12.35700000","8.09000000"],["12.35800000","100.10000000"],["12.35900000","139.20000000"],["12.36000000","90.92000000"],["12.36100000","133.29000000"],["12.36200000","11.91000000"],["12.36300000","17.81000000"],["12.36600000","12.62000000"],["12.36700000","233.35000000"],["12.36800000","892.17000000"],["12.36900000","705.08000000"],["12.37100000","271.46000000"],["12.37200000","204.66000000"],["12.37300000","11.93000000"],["12.37400000","128.00000000"],["12.37600000","547.96000000"],["12.37800000","293.17000000"],["12.37900000","11.30000000"],["12.38000000","173.06000000"],["12.38200000","0.00000000"],["12.38400000","183.18000000"],["12.38700000","622.18000000"],["12.39000000","735.67000000"],["12.39600000","375.58000000"],["12.40100000","473.99000000"],["12.40700000","0.63000000"],["12.41500000","238.49000000"],["12.41900000","32.00000000"],["12.43600000","0.00000000"],["12.43700000","0.00000000"]]}
{"e":"depthUpdate","E":1710730478016,"s":"UNIUSDT","U":4117953998,"u":4117954056,"b":[["12.35500000","44.80000000"],["12.35300000","282.26000000"],["12.35200000","390.89000000"],["12.35000000","526.74000000"],["12.34900000","264.99000000"],["12.34800000","320.52000000"],["12.34600000","213.56000000"],["12.34300000","973.32000000"],["12.34200000","1390.82000000"],["12.34100000","879.76000000"],["12.33700000","463.31000000"],["12.33600000","1157.00000000"],["12.33300000","516.92000000"],["12.33000000","143.24000000"],["12.32900000","1054.29000000"],["12.32800000","265.59000000"],["12.32600000","787.60000000"],["12.30600000","526.27000000"]],"a":[["12.35700000","0.00000000"],["12.35800000","121.46000000"],["12.35900000","191.48000000"],["12.36000000","274.31000000"],["12.36600000","93.54000000"],["12.36700000","913.70000000"],["12.36900000","959.52000000"],["12.37200000","99.15000000"]]}
{"e":"depthUpdate","E":1710730479017,"s":"UNIUSDT","U":4117954057,"u":4117954100,"b":[["12.35400000","49.22000000"],["12.35000000","253.34000000"],["12.34900000","170.20000000"],["12.34600000","763.87000000"],["12.34200000","994.42000000"],["12.32600000","908.61000000"],["4.44800000","26.16000000"]],"a":[["12.35700000","108.09000000"],["12.35800000","135.67000000"],["12.36200000","34.18000000"],["12.36300000","17.81000000"],["12.36400000","15.28000000"],["12.36500000","132.91000000"],["12.36600000","385.30000000"],["12.36700000","525.87000000"],["12.36800000","335.93000000"],["12.36900000","308.75000000"],["12.37500000","557.03000000"],["12.38000000","951.32000000"],["12.38500000","72.11000000"],["12.43100000","305.10000000"],["12.46300000","0.00000000"]]}
{"e":"depthUpdate","E":1710730480017,"s":"UNIUSDT","U":4117954101,"u":4117954448,"b":[["12.35500000","0.00000000"],["12.35400000","0.00000000"],["12.35300000","0.00000000"],["12.35200000","47.30000000"],["12.35100000","0.61000000"],["12.35000000","33.07000000"],["12.34900000","131.93000000"],["12.34800000","245.28000000"],["12.34700000","380.99000000"],["12.34600000","160.42000000"],["12.34500000","319.33000000"],["12.34400000","336.04000000"],["12.34300000","819.67000000"],["12.34200000","447.37000000"],["12.34100000","101.28000000"],["12.34000000","1253.39000000"],["12.33900000","11.93000000"],["12.33800000","91.24000000"],["12.33700000","1044.56000000"],["12.33600000","1737.48000000"],["12.33500000","2299.73000000"],["12.33400000","1134.57000000"],["12.33300000","834.33000000"],["12.33200000","0.00000000"],["12.33100000","465.08000000"],["12.33000000","82.56000000"],["12.32900000","477.68000000"],["12.32800000","163.86000000"],["12.32700000","3047.73000000"],["12.32600000","363.03000000"],["12.32500000","749.02000000"],["12.32400000","836.03000000"],["12.32300000","128.02000000"],["12.32200000","576.78000000"],["12.32100000","186.69000000"],["12.32000000","324.02000000"],["12.31900000","545.73000000"],["12.31800000","82.56000000"],["12.31500000","0.69000000"],["12.31000000","262.03000000"],["12.30600000","119.73000000"],["12.30500000","100.77000000"],["12.28800000","82.56000000"]],"a":[["12.35300000","33.93000000"],["12.35400000","217.60000000"],["12.35500000","111.12000000"],["12.35600000","206.90000000"],["12.35700000","100.63000000"],["12.35800000","38.27000000"],["12.35900000","75.93000000"],["12.36000000","424.57000000"],["12.36100000","317.43000000"],["12.36200000","169.58000000"],["12.36300000","263.38000000"],["12.36400000","11.95000000"],["12.36500000","15.98000000"],["12.36600000","674.75000000"],["12.36700000","622.18000000"],["12.36800000","576.41000000"],["12.36900000","600.57000000"],["12.37000000","277.39000000"],["12.37200000","1111.04000000"],["12.37400000","789.56000000"],["12.37500000","132.16000000"],["12.37600000","259.30000000"],["12.37700000","80.83000000"],["12.37800000","281.88000000"],["12.37900000","0.00000000"],["12.38000000","50.00000000"],["12.38100000","32.39000000"],["12.38200000","100.00000000"],["12.38300000","112.48000000"],["12.38400000","143.18000000"],["12.38600000","95.22000000"],["12.39000000","1883.78000000"],["12.39500000","129.42000000"],["12.39700000","2372.55000000"],["12.39900000","2131.60000000"],["12.40300000","0.00000000"],["12.40400000","0.00000000"],["12.40700000","403.89000000"],["12.41000000","488.28000000"],["12.42400000","0.50000000"],["12.42800000","4.66000000"],["12.45600000","24.19000000"]]}
{"e":"depthUpdate","E":1710730481016,"s":"UNIUSDT","U":4117954449,"u":4117954527,"b":[["12.35200000","47.30000000"],["12.35100000","5.91000000"],["12.35000000","155.34000000"],["12.34900000","343.76000000"],["12.34800000","229.08000000"],["12.34700000","313.61000000"],["12.34600000","138.52000000"],["12.34200000","700.07000000"],["12.32600000","655.36000000"],["12.32400000","836.02000000"],["12.31800000","83.34000000"],["10.51400000","0.00000000"],["4.43300000","4.08000000"],["4.43100000","1.36000000"],["4.43000000","1.36000000"],["4.42700000","1.36000000"],["4.42400000","2.72000000"]],"a":[["12.35300000","26.60000000"],["12.35400000","89.09000000"],["12.35500000","70.48000000"],["12.35600000","166.90000000"],["12.35700000","260.63000000"],["12.36000000","169.37000000"],["12.36100000","133.29000000"],["12.36200000","34.18000000"],["12.36400000","146.67000000"],["12.36500000","436.01000000"],["12.36600000","278.34000000"],["12.36700000","131.29000000"],["12.37200000","1728.28000000"],["12.37300000","295.46000000"],["12.37600000","204.09000000"],["12.38000000","342.33000000"],["12.38200000","100.00000000"],["12.38300000","429.09000000"],["12.38700000","305.57000000"],["12.39600000","83.25000000"],["12.44700000","0.00000000"],["12.59100000","30.10000000"],["12.63300000","0.00000000"],["13.02700000","24.22000000"],["13.08000000","100.00000000"]]}
{"e":"depthUpdate","E":1710730482016,"s":"UNIUSDT","U":4117954528,"u":4117954612,"b":[["12.35200000","2.67000000"],["12.35100000","0.00000000"],["12.35000000","22.81000000"],["12.34900000","280.64000000"],["12.34800000","310.11000000"],["12.34700000","254.30000000"],["12.34600000","80.72000000"],["12.34300000","738.61000000"],["12.34200000","527.07000000"],["12.34000000","364.63000000"],["12.33800000","285.15000000"],["12.33700000","1100.51000000"],["12.33600000","1332.77000000"],["12.33500000","2380.84000000"],["12.33400000","917.80000000"],["12.33200000","888.76000000"],["12.32800000","176.91000000"],["12.32400000","551.13000000"],["12.31600000","203.10000000"],["12.29600000","484.94000000"],["10.51400000","2.74000000"]],"a":[["12.35300000","202.46000000"],["12.35400000","80.70000000"],["12.35500000","38.11000000"],["12.35600000","166.90000000"],["12.35700000","100.63000000"],["12.36200000","340.21000000"],["12.36300000","344.32000000"],["12.36700000","909.55000000"],["12.37200000","1107.01000000"],["12.37300000","11.93000000"],["12.37400000","176.54000000"],["12.37500000","387.30000000"],["12.37800000","381.88000000"],["12.38000000","342.33000000"],["12.38200000","0.00000000"],["12.38300000","442.14000000"],["12.40100000","460.94000000"],["12.43700000","96.23000000"],["12.44000000","1.15000000"]]}
{"e":"depthUpdate","E":1710730483016,"s":"UNIUSDT","U":4117954613,"u":4117954639,"b":[["12.35000000","60.82000000"],["12.34900000","248.27000000"],["12.34400000","394.05000000"],["12.33500000","2421.31000000"],["12.21200000","78.61000000"],["12.20600000","74.24000000"],["4.44800000","24.81000000"]],"a":[["12.35300000","35.50000000"],["12.35400000","158.06000000"],["12.35500000","78.11000000"],["12.35900000","158.46000000"],["12.36900000","620.26000000"],["12.37200000","1139.40000000"],["12.37800000","381.88000000"],["12.38100000","0.00000000"],["12.38300000","422.45000000"]]}
{"e":"depthUpdate","E":1710730484018,"s":"UNIUSDT","U":4117954640,"u":4117954747,"b":[["12.35400000","29.15000000"],["12.35300000","38.66000000"],["12.35200000","144.94000000"],["12.35100000","80.63000000"],["12.35000000","123.45000000"],["12.34900000","248.27000000"],["12.34800000","233.09000000"],["12.34700000","214.30000000"],["12.34600000","227.45000000"],["12.34500000","323.35000000"],["12.33500000","235.80000000"],["12.33400000","931.76000000"],["12.32400000","836.02000000"],["12.32200000","2681.18000000"],["12.31300000","0.00000000"],["12.31100000","997.81000000"],["12.29300000","485.76000000"],["12.29000000","147.83000000"],["12.27700000","0.00000000"],["12.25700000","0.00000000"],["12.23600000","310.07000000"]],"a":[["12.35300000","0.00000000"],["12.35400000","0.00000000"],["12.35500000","0.00000000"],["12.35600000","8.90000000"],["12.35700000","44.31000000"],["12.35800000","224.80000000"],["12.35900000","133.33000000"],["12.36000000","88.41000000"],["12.36200000","507.92000000"],["12.36300000","263.38000000"],["12.36400000","402.51000000"],["12.36500000","226.84000000"],["12.36600000","318.47000000"],["12.36700000","790.20000000"],["12.36900000","539.38000000"],["12.37100000","216.17000000"],["12.37200000","983.88000000"],["12.37500000","132.16000000"],["12.37700000","113.22000000"],["12.37800000","281.88000000"],["12.38000000","1361.99000000"],["12.38100000","100.00000000"],["12.38300000","329.66000000"],["12.38600000","0.00000000"],["12.38800000","735.61000000"],["12.39100000","0.00000000"],["12.39700000","2185.22000000"],["12.40000000","197.74000000"]]}
{"e":"depthUpdate","E":1710730485017,"s":"UNIUSDT","U":4117954748,"u":4117954847,"b":[["12.35400000","0.00000000"],["12.35300000","73.40000000"],["12.35200000","96.64000000"],["12.35100000","133.17000000"],["12.35000000","117.55000000"],["12.34900000","376.82000000"],["12.34800000","462.84000000"],["12.34600000","308.49000000"],["12.33700000","870.10000000"],["12.32700000","3169.48000000"]],"a":[["12.35500000","0.00000000"],["12.35600000","50.35000000"],["12.35700000","300.80000000"],["12.35800000","192.40000000"],["12.35900000","133.34000000"],["12.36000000","88.41000000"],["12.36100000","415.47000000"],["12.36400000","146.67000000"],["12.36500000","307.76000000"],["12.36800000","657.31000000"],["12.37400000","134.44000000"],["12.37500000","51.30000000"],["12.37900000","477.24000000"],["12.38100000","100.00000000"],["12.38200000","163.10000000"],["12.38800000","640.39000000"],["12.38900000","159.22000000"],["12.47500000","156.94000000"],["12.48600000","0.63000000"]]}
{"e":"depthUpdate","E":1710730486018,"s":"UNIUSDT","U":4117954848,"u":4117954951,"b":[["12.35300000","0.00000000"],["12.35200000","0.00000000"],["12.35100000","1.48000000"],["12.35000000","33.07000000"],["12.34900000","216.82000000"],["12.34800000","229.08000000"],["12.34700000","121.20000000"],["12.34600000","227.45000000"],["12.34300000","911.71000000"],["12.34100000","119.56000000"],["12.33500000","195.33000000"],["12.33400000","917.80000000"],["12.32700000","3169.48000000"],["12.32600000","655.36000000"],["12.32500000","749.02000000"],["12.32400000","836.02000000"],["12.29000000","0.00000000"],["12.27700000","147.99000000"]],"a":[["12.35200000","11.31000000"],["12.35300000","22.41000000"],["12.35400000","43.72000000"],["12.35500000","52.46000000"],["12.35600000","12.80000000"],["12.35700000","93.07000000"],["12.35800000","32.40000000"],["12.35900000","133.34000000"],["12.36000000","239.78000000"],["12.36100000","415.47000000"],["12.36200000","588.86000000"],["12.36400000","11.95000000"],["12.36500000","186.71000000"],["12.36700000","828.67000000"],["12.36900000","539.38000000"],["12.37600000","192.79000000"],["12.37900000","477.25000000"],["12.38100000","100.00000000"],["12.38600000","95.22000000"],["12.38800000","559.62000000"],["12.38900000","64.00000000"]]}
{"e":"depthUpdate","E":1710730487017,"s":"UNIUSDT","U":4117954952,"u":4117955198,"b":[["12.35100000","33.85000000"],["12.35000000","261.47000000"],["12.34900000","0.69000000"],["12.34800000","248.11000000"],["12.34700000","226.07000000"],["12.34600000","132.82000000"],["12.34500000","158.05000000"],["12.34400000","338.68000000"],["12.34300000","893.37000000"],["12.34200000","405.64000000"],["12.34100000","198.78000000"],["12.34000000","378.85000000"],["12.33900000","12.54000000"],["12.33800000","380.25000000"],["12.33700000","565.80000000"],["12.33600000","376.11000000"],["12.33500000","195.54000000"],["12.33400000","1206.69000000"],["12.33100000","66.85000000"],["12.32900000","887.90000000"],["12.32800000","1456.28000000"],["12.32700000","2707.89000000"],["12.32600000","1116.98000000"],["12.32400000","82.56000000"],["12.32100000","188.69000000"],["12.31600000","365.11000000"],["12.31400000","4.00000000"],["12.31200000","571.71000000"],["12.31000000","24.63000000"],["12.30900000","238.08000000"],["12.29800000","2104.40000000"],["12.28200000","82.56000000"],["12.20100000","0.62000000"],["12.18600000","327.32000000"]],"a":[["12.35100000","0.00000000"],["12.35200000","10.00000000"],["12.35300000","0.00000000"],["12.35400000","11.31000000"],["12.35500000","199.45000000"],["12.35600000","52.80000000"],["12.35700000","60.23000000"],["12.35800000","70.33000000"],["12.35900000","323.36000000"],["12.36000000","322.34000000"],["12.36100000","415.47000000"],["12.36200000","637.59000000"],["12.36500000","356.34000000"],["12.36600000","278.34000000"],["12.36800000","697.36000000"],["12.37200000","983.27000000"],["12.37300000","83.48000000"],["12.37900000","80.83000000"],["12.38100000","0.00000000"],["12.38200000","0.00000000"],["12.38300000","329.66000000"],["12.38500000","95.22000000"],["12.38600000","0.00000000"],["12.38700000","507.53000000"],["12.39900000","2131.60000000"],["12.40100000","621.84000000"],["12.40800000","86.41000000"],["12.43700000","0.00000000"],["12.45000000","3.13000000"],["12.49100000","120.63000000"]]}
