{"e":"depthUpdate","E":1710730529020,"s":"UNIUSDT","U":4117958695,"u":4117958700,"b":[["12.34900000","16.22000000"],["12.34200000","487.71000000"],["11.07900000","0.00000000"]],"a":[["12.35100000","166.16000000"],["12.36400000","745.24000000"],["12.37600000","150.25000000"]]}
{"e":"depthUpdate","E":1710730530018,"s":"UNIUSDT","U":4117958701,"u":4117958712,"b":[["12.32700000","2992.16000000"],["12.32600000","697.48000000"],["12.32400000","392.83000000"],["12.27700000","0.00000000"],["12.26600000","148.78000000"],["11.11500000","1.64000000"]],"a":[["12.35500000","106.00000000"],["12.35600000","431.68000000"],["12.37600000","50.25000000"],["12.37700000","710.48000000"],["12.39000000","1400.64000000"]]}
{"e":"depthUpdate","E":1710730531017,"s":"UNIUSDT","U":4117958713,"u":4117958743,"b":[["12.34900000","6.12000000"],["12.34500000","94.36000000"],["12.34400000","158.07000000"],["12.34000000","849.40000000"],["12.33400000","2365.99000000"],["12.32100000","346.27000000"]],"a":[["12.35100000","166.97000000"],["12.35200000","214.61000000"],["12.35300000","223.32000000"],["12.35400000","99.79000000"],["12.35600000","439.76000000"],["12.35700000","368.19000000"],["12.36000000","548.90000000"],["12.36400000","433.13000000"],["12.36500000","223.11000000"],["12.37400000","223.31000000"],["12.37600000","150.25000000"],["12.37700000","610.48000000"],["12.37800000","662.80000000"]]}
{"e":"depthUpdate","E":1710730532019,"s":"UNIUSDT","U":4117958744,"u":4117959139,"b":[["12.35000000","0.00000000"],["12.34900000","0.00000000"],["12.34800000","0.00000000"],["12.34700000","1.21000000"],["12.34600000","14.07000000"],["12.34500000","44.37000000"],["12.34400000","189.00000000"],["12.34300000","28.18000000"],["12.34200000","251.44000000"],["12.34100000","501.31000000"],["12.34000000","325.61000000"],["12.33900000","91.68000000"],["12.33800000","504.74000000"],["12.33700000","476.75000000"],["12.33600000","85.13000000"],["12.33500000","239.84000000"],["12.33400000","103.72000000"],["12.33300000","473.88000000"],["12.33200000","324.92000000"],["12.33100000","751.62000000"],["12.33000000","1123.13000000"],["12.32900000","677.40000000"],["12.32800000","747.44000000"],["12.32700000","2742.23000000"],["12.32600000","1630.93000000"],["12.32500000","77.23000000"],["12.32400000","739.03000000"],["12.32300000","253.48000000"],["12.32100000","520.56000000"],["12.32000000","527.07000000"],["12.31900000","203.83000000"],["12.31800000","287.27000000"],["12.31700000","266.55000000"],["12.31600000","837.22000000"],["12.31400000","68.01000000"],["12.31300000","600.00000000"],["12.31200000","571.80000000"],["12.31100000","0.00000000"],["12.31000000","16.78000000"],["12.30900000","0.66000000"],["12.30600000","347.78000000"],["12.30500000","396.81000000"],["12.29700000","8.49000000"],["12.27600000","107.99000000"],["12.26000000","0.00000000"],["12.24000000","1025.09000000"],["12.23700000","238.70000000"],["12.22600000","0.00000000"],["12.19800000","2105.21000000"],["12.18700000","324.15000000"],["12.18600000","23.94000000"],["12.18400000","0.00000000"],["12.17000000","1.19000000"],["12.12400000","438.88000000"],["8.64700000","25.50000000"]],"a":[["12.34600000","0.00000000"],["12.34700000","0.00000000"],["12.34800000","8.09000000"],["12.34900000","49.92000000"],["12.35000000","77.31000000"],["12.35100000","52.79000000"],["12.35200000","182.24000000"],["12.35300000","308.22000000"],["12.35400000","237.48000000"],["12.35500000","20.07000000"],["12.35600000","324.85000000"],["12.35700000","11.94000000"],["12.35800000","77.87000000"],["12.35900000","522.60000000"],["12.36000000","254.69000000"],["12.36100000","173.85000000"],["12.36300000","460.15000000"],["12.36400000","407.57000000"],["12.36500000","217.34000000"],["12.36700000","813.42000000"],["12.36800000","0.00000000"],["12.36900000","211.07000000"],["12.37000000","785.92000000"],["12.37100000","1175.19000000"],["12.37200000","182.32000000"],["12.37300000","198.45000000"],["12.37400000","0.00000000"],["12.37500000","71.80000000"],["12.37600000","50.25000000"],["12.37800000","888.48000000"],["12.38000000","1069.66000000"],["12.38100000","109.12000000"],["12.38300000","427.11000000"],["12.38400000","2207.93000000"],["12.38700000","24.52000000"],["12.39000000","1290.25000000"],["12.39500000","290.32000000"],["12.40500000","115.50000000"],["12.40800000","548.98000000"],["12.41800000","1.99000000"],["12.44400000","1.82000000"],["12.46700000","240.08000000"],["12.49200000","23.60000000"],["12.69300000","1555.35000000"],["12.73200000","2.36000000"]]}
{"e":"depthUpdate","E":1710730533017,"s":"UNIUSDT","U":4117959140,"u":4117959235,"b":[["12.34700000","1.21000000"],["12.34600000","11.93000000"],["12.34500000","46.43000000"],["12.34400000","268.00000000"],["12.34300000","220.66000000"],["12.34100000","481.62000000"],["12.33500000","421.51000000"],["12.33300000","81.74000000"],["12.33200000","365.47000000"],["12.33100000","711.07000000"],["12.32800000","1139.54000000"],["12.32400000","428.76000000"],["12.31900000","203.83000000"],["12.31800000","572.30000000"],["11.95000000","26.37000000"]],"a":[["12.34700000","0.00000000"],["12.34800000","76.90000000"],["12.34900000","114.09000000"],["12.35000000","29.04000000"],["12.35100000","52.79000000"],["12.35500000","400.93000000"],["12.35800000","397.64000000"],["12.36200000","887.78000000"],["12.36400000","679.25000000"],["12.37000000","7.66000000"],["12.37300000","198.45000000"],["12.37900000","264.24000000"],["12.38000000","1164.88000000"],["12.42300000","96.23000000"],["12.43700000","0.00000000"]]}
{"e":"depthUpdate","E":1710730534019,"s":"UNIUSDT","U":4117959236,"u":4117959277,"b":[["12.34700000","0.00000000"],["12.34600000","0.00000000"],["12.34500000","17.75000000"],["12.34400000","188.94000000"],["12.34300000","220.67000000"],["12.33500000","542.99000000"],["4.44500000","1.35000000"]],"a":[["12.34600000","11.31000000"],["12.34700000","30.32000000"],["12.34800000","180.99000000"],["12.34900000","114.09000000"],["12.35000000","29.04000000"],["12.35100000","12.79000000"],["12.36000000","294.84000000"],["12.37300000","198.45000000"],["12.37900000","2368.64000000"],["12.38400000","2207.93000000"],["12.39900000","147.47000000"]]}
{"e":"depthUpdate","E":1710730535018,"s":"UNIUSDT","U":4117959278,"u":4117959301,"b":[["12.34600000","1.21000000"],["12.32700000","2761.92000000"],["12.31400000","132.02000000"],["12.26500000","95.88000000"],["12.24000000","1105.97000000"]],"a":[["12.34600000","0.00000000"],["12.34700000","8.09000000"],["12.34800000","133.53000000"],["12.34900000","179.12000000"],["12.35000000","69.04000000"],["12.35900000","562.75000000"],["12.36000000","254.69000000"],["12.36500000","225.00000000"],["12.37000000","0.00000000"],["12.37800000","1488.48000000"],["12.39000000","690.25000000"]]}
{"e":"depthUpdate","E":1710730536019,"s":"UNIUSDT","U":4117959302,"u":4117959377,"b":[["12.34600000","0.00000000"],["12.34500000","0.00000000"],["12.34400000","157.89000000"],["12.34100000","179.03000000"],["12.33800000","425.04000000"],["12.33500000","622.69000000"],["12.33300000","247.78000000"],["12.33100000","530.21000000"],["12.32800000","1320.46000000"],["12.32600000","1338.60000000"],["12.31900000","496.16000000"],["12.31800000","287.27000000"],["12.31600000","568.05000000"],["12.31500000","242.71000000"],["12.31400000","686.35000000"]],"a":[["12.34600000","11.32000000"],["12.34700000","153.45000000"],["12.34800000","144.78000000"],["12.34900000","12.00000000"],["12.35000000","29.04000000"],["12.35100000","70.58000000"],["12.35300000","404.53000000"],["12.35800000","437.81000000"],["12.35900000","522.60000000"],["12.36000000","199.30000000"],["12.36100000","212.35000000"],["12.36200000","1060.78000000"],["12.36700000","658.65000000"],["12.37100000","1175.19000000"],["12.37200000","264.09000000"],["12.37300000","60.00000000"],["12.37700000","691.48000000"],["12.39100000","0.00000000"]]}
{"e":"depthUpdate","E":1710730566020,"s":"UNIUSDT","U":4117961329,"u":4117961340,"b":[["12.32400000","321.77000000"],["12.28700000","657.17000000"],["12.28100000","528.33000000"]],"a":[["12.35200000","387.72000000"],["12.36300000","275.28000000"],["12.36400000","220.76000000"],["12.36500000","194.00000000"],["12.36600000","83.19000000"]]}
{"e":"depthUpdate","E":1710730567020,"s":"UNIUSDT","U":4117961341,"u":4117961446,"b":[["12.34100000","0.00000000"],["12.34000000","15.00000000"],["12.33900000","57.32000000"],["12.33800000","139.79000000"],["12.33700000","205.18000000"],["12.33600000","353.74000000"],["12.33200000","515.43000000"],["12.32900000","1121.77000000"],["12.32600000","1473.62000000"],["12.32400000","281.20000000"],["12.32100000","273.67000000"],["12.31900000","0.00000000"],["12.31800000","698.11000000"]],"a":[["12.34100000","40.90000000"],["12.34200000","33.34000000"],["12.34300000","44.51000000"],["12.34400000","51.92000000"],["12.34500000","77.56000000"],["12.34600000","74.57000000"],["12.34900000","571.70000000"],["12.35000000","426.20000000"],["12.35100000","86.30000000"],["12.35200000","58.78000000"],["12.35400000","396.64000000"],["12.35600000","634.08000000"],["12.35800000","153.08000000"],["12.36100000","978.63000000"],["12.36500000","94.00000000"],["12.36700000","653.36000000"],["12.37300000","60.00000000"],["12.37400000","204.34000000"]]}
{"e":"depthUpdate","E":1710730568021,"s":"UNIUSDT","U":4117961447,"u":4117961502,"b":[["12.34000000","6.00000000"],["12.33900000","24.95000000"],["12.33800000","32.59000000"],["12.32500000","582.63000000"],["12.22900000","8.15000000"],["12.22400000","282.77000000"],["12.17600000","0.00000000"],["12.17400000","325.04000000"]],"a":[["12.34100000","19.31000000"],["12.34200000","122.33000000"],["12.34300000","109.48000000"],["12.34800000","371.73000000"],["12.34900000","520.61000000"],["12.35000000","340.93000000"],["12.35200000","109.91000000"],["12.35300000","432.98000000"],["12.35600000","634.08000000"],["12.36000000","692.01000000"],["12.36300000","16.67000000"],["12.36500000","132.39000000"],["12.46900000","154.50000000"],["12.47300000","1.67000000"],["12.67400000","0.00000000"],["12.72900000","0.00000000"],["12.73000000","7.21000000"],["12.74100000","2.56000000"]]}
{"e":"depthUpdate","E":1710730569019,"s":"UNIUSDT","U":4117961503,"u":4117961555,"b":[["12.33900000","0.00000000"],["12.33800000","40.69000000"],["12.33700000","124.08000000"],["12.33600000","233.74000000"],["12.33500000","190.25000000"],["12.33300000","64.10000000"],["12.33200000","263.03000000"],["12.33100000","387.87000000"],["12.33000000","252.34000000"],["12.32700000","689.04000000"],["12.32600000","1554.65000000"],["12.32500000","401.65000000"],["12.32300000","1143.12000000"],["12.32200000","3018.44000000"],["12.32000000","1080.98000000"],["12.31800000","444.53000000"],["12.31400000","2462.10000000"],["12.31200000","766.66000000"],["12.31100000","330.00000000"]],"a":[["12.34100000","174.36000000"],["12.34200000","94.89000000"],["12.34300000","44.51000000"],["12.34400000","77.58000000"],["12.34500000","118.07000000"],["12.34700000","344.13000000"],["12.35300000","473.16000000"],["12.35400000","356.46000000"],["12.35800000","185.47000000"],["12.36000000","299.90000000"],["12.36400000","320.76000000"],["12.36500000","100.00000000"],["12.36700000","553.36000000"]]}
{"e":"depthUpdate","E":1710730570022,"s":"UNIUSDT","U":4117961556,"u":4117961613,"b":[["12.33800000","19.42000000"],["12.33700000","33.02000000"],["12.33600000","225.75000000"],["12.33500000","350.25000000"],["12.33400000","104.47000000"],["12.33200000","271.82000000"],["12.33000000","402.81000000"],["12.32900000","878.78000000"],["12.32800000","185.09000000"],["12.32200000","3442.61000000"],["12.32000000","676.48000000"],["12.31800000","849.06000000"],["12.31700000","0.00000000"],["12.31600000","121.01000000"],["12.31500000","588.91000000"],["12.31400000","2504.27000000"],["12.31300000","1342.62000000"],["12.31000000","569.38000000"],["12.30700000","1349.93000000"],["12.30300000","217.08000000"],["11.57300000","16.13000000"],["11.46700000","0.00000000"]],"a":[["12.34100000","214.36000000"],["12.34200000","54.89000000"],["12.34400000","176.08000000"],["12.34500000","199.12000000"],["12.35300000","253.43000000"],["12.35400000","275.47000000"],["12.35500000","965.21000000"],["12.36200000","1142.14000000"],["12.36500000","0.00000000"],["12.36900000","262.19000000"],["12.37100000","262.12000000"],["12.37400000","109.12000000"],["12.37500000","370.35000000"],["12.37600000","0.00000000"],["12.38200000","187.33000000"],["12.38600000","160.90000000"],["12.38700000","0.00000000"],["12.39000000","752.37000000"],["12.39500000","615.59000000"]]}
{"e":"depthUpdate","E":1710730571021,"s":"UNIUSDT","U":4117961614,"u":4117961642,"b":[["12.33900000","0.00000000"],["12.33800000","19.42000000"],["12.33600000","118.55000000"],["12.33500000","282.32000000"],["12.33400000","23.35000000"],["12.33200000","216.44000000"],["12.33100000","443.68000000"],["12.33000000","482.51000000"],["12.32900000","959.93000000"],["12.32800000","427.24000000"],["12.32300000","1185.43000000"],["12.30700000","878.52000000"],["12.30300000","13.76000000"]],"a":[["12.34100000","164.82000000"],["12.34200000","174.89000000"],["12.34300000","52.60000000"],["12.34600000","132.28000000"],["12.34800000","375.76000000"]]}
{"e":"depthUpdate","E":1710730572020,"s":"UNIUSDT","U":4117961643,"u":4117961755,"b":[["12.34000000","0.00000000"],["12.33800000","0.00000000"],["12.33700000","8.00000000"],["12.33600000","42.02000000"],["12.33500000","80.66000000"],["12.33400000","23.35000000"],["12.33200000","148.39000000"],["12.33100000","308.68000000"],["12.33000000","402.81000000"],["12.32900000","890.36000000"],["12.32800000","432.88000000"],["12.32700000","769.43000000"],["12.32600000","1284.77000000"],["12.32500000","71.89000000"],["12.32200000","1250.59000000"],["12.31800000","861.34000000"],["12.31100000","185.93000000"],["12.30800000","2107.45000000"],["12.30700000","878.52000000"],["12.30600000","454.72000000"],["12.30100000","0.00000000"],["4.44300000","2.72000000"]],"a":[["12.33800000","125.03000000"],["12.33900000","84.47000000"],["12.34000000","161.70000000"],["12.34100000","18.20000000"],["12.34200000","266.78000000"],["12.34300000","210.61000000"],["12.34400000","77.58000000"],["12.34500000","118.07000000"],["12.34600000","128.23000000"],["12.34700000","508.38000000"],["12.35000000","11.99000000"],["12.35200000","58.78000000"],["12.35300000","173.08000000"],["12.35400000","890.24000000"],["12.35500000","1100.21000000"],["12.35600000","402.84000000"],["12.35900000","12.12000000"],["12.36000000","299.21000000"],["12.36100000","200.37000000"],["12.36200000","2126.80000000"],["12.36300000","16.67000000"],["12.36400000","220.76000000"],["12.36800000","2185.40000000"],["12.37000000","174.43000000"],["12.37900000","0.00000000"]]}
{"e":"depthUpdate","E":1710730648023,"s":"UNIUSDT","U":4117968580,"u":4117968685,"b":[["12.33400000","0.00000000"],["12.33300000","0.00000000"],["12.33200000","8.10000000"],["12.33100000","28.47000000"],["12.33000000","95.87000000"],["12.32900000","250.00000000"],["12.32800000","173.79000000"],["12.32700000","77.70000000"],["12.32600000","41.23000000"],["12.32400000","348.65000000"],["12.32200000","480.82000000"],["12.32100000","135.63000000"],["12.32000000","673.25000000"],["12.31800000","568.98000000"],["12.31700000","12.28000000"],["12.31600000","347.62000000"],["12.31400000","2933.16000000"],["12.31300000","2103.68000000"],["12.31200000","633.38000000"],["12.31100000","0.00000000"],["12.30900000","447.56000000"],["12.30700000","254.90000000"],["12.30500000","446.18000000"],["12.30300000","648.09000000"],["12.30200000","1.07000000"],["12.30100000","3036.18000000"],["12.30000000","225.80000000"],["12.29900000","0.00000000"],["12.29800000","758.90000000"],["12.29600000","549.76000000"],["12.29300000","0.00000000"],["12.28900000","1235.29000000"],["11.10200000","1.36000000"]],"a":[["12.33400000","125.27000000"],["12.33500000","77.08000000"],["12.33600000","12.00000000"],["12.33700000","264.11000000"],["12.33800000","214.64000000"],["12.33900000","11.96000000"],["12.34000000","37.91000000"],["12.34200000","176.18000000"],["12.34300000","11.93000000"],["12.34500000","477.07000000"],["12.34700000","360.77000000"],["12.34800000","454.43000000"],["12.35000000","965.85000000"],["12.35300000","404.12000000"],["12.35500000","447.77000000"],["12.35600000","1218.30000000"],["12.35700000","62.00000000"],["12.35900000","217.90000000"],["12.36000000","268.63000000"],["12.36600000","2642.20000000"],["12.37500000","285.13000000"],["12.37900000","160.90000000"],["12.38100000","0.00000000"],["12.38600000","890.47000000"],["12.40800000","86.41000000"]]}
{"e":"depthUpdate","E":1710730649022,"s":"UNIUSDT","U":4117968686,"u":4117968851,"b":[["12.33200000","0.00000000"],["12.33100000","152.20000000"],["12.33000000","131.06000000"],["12.32900000","315.01000000"],["12.32800000","149.15000000"],["12.32700000","348.23000000"],["12.32600000","148.43000000"],["12.32500000","343.46000000"],["12.32400000","261.15000000"],["12.32300000","575.68000000"],["12.32200000","329.64000000"],["12.32100000","442.89000000"],["12.32000000","281.78000000"],["12.31900000","531.83000000"],["12.31800000","307.13000000"],["12.31700000","12.28000000"],["12.31600000","30.00000000"],["12.31500000","12.01000000"],["12.31400000","4110.88000000"],["12.31300000","2509.14000000"],["12.31200000","1523.67000000"],["12.30900000","405.36000000"],["12.30600000","431.62000000"],["12.30500000","908.49000000"],["12.30400000","224.21000000"],["12.30300000","933.43000000"],["12.29800000","1082.92000000"],["12.29700000","0.64000000"],["12.28400000","7.85000000"],["11.09800000","6.39000000"]],"a":[["12.33200000","81.14000000"],["12.33300000","0.00000000"],["12.33400000","0.00000000"],["12.33500000","44.14000000"],["12.33600000","52.00000000"],["12.33700000","269.78000000"],["12.34000000","385.53000000"],["12.34100000","511.04000000"],["12.34200000","176.18000000"],["12.34300000","11.93000000"],["12.34400000","384.86000000"],["12.34700000","280.45000000"],["12.34800000","474.12000000"],["12.35000000","1100.85000000"],["12.35300000","32.58000000"],["12.35400000","1169.57000000"],["12.35500000","447.77000000"],["12.35700000","62.00000000"],["12.35900000","117.90000000"],["12.36000000","95.53000000"],["12.36200000","533.92000000"],["12.36500000","95.22000000"],["12.36900000","19.06000000"],["12.37400000","18.23000000"],["12.37600000","187.33000000"]]}
{"e":"depthUpdate","E":1710730650021,"s":"UNIUSDT","U":4117968852,"u":4117968960,"b":[["12.33100000","0.00000000"],["12.33000000","26.32000000"],["12.32900000","453.58000000"],["12.32800000","190.31000000"],["12.32700000","267.06000000"],["12.32600000","378.46000000"],["12.32500000","463.46000000"],["12.32300000","458.64000000"],["12.31900000","666.83000000"],["12.31700000","12.28000000"],["12.31600000","30.00000000"],["12.31500000","589.63000000"],["12.31400000","3271.75000000"],["12.30700000","297.12000000"],["12.30500000","597.69000000"],["12.30300000","648.09000000"],["12.30200000","286.41000000"],["12.30000000","346.81000000"],["12.27800000","0.00000000"],["12.27400000","488.94000000"]],"a":[["12.33100000","81.15000000"],["12.33200000","100.85000000"],["12.33300000","223.56000000"],["12.33400000","11.97000000"],["12.33500000","75.65000000"],["12.33600000","60.63000000"],["12.34400000","1163.12000000"],["12.34600000","378.91000000"],["12.34700000","415.45000000"],["12.34800000","350.62000000"],["12.34900000","333.47000000"],["12.35000000","1224.38000000"],["12.35200000","51.32000000"],["12.35300000","21.26000000"],["12.35400000","256.31000000"],["12.35500000","436.45000000"],["12.35700000","162.00000000"],["12.35800000","32.39000000"],["12.36200000","370.82000000"]]}
{"e":"depthUpdate","E":1710730651021,"s":"UNIUSDT","U":4117968961,"u":4117969001,"b":[["12.33200000","11.32000000"],["12.33100000","35.64000000"],["12.33000000","257.96000000"],["12.32900000","308.87000000"],["12.32700000","248.78000000"],["12.32600000","297.28000000"],["12.32200000","194.64000000"],["12.31700000","52.88000000"],["12.31300000","2527.42000000"],["12.30000000","657.71000000"],["12.18700000","0.46000000"],["12.18200000","63.65000000"]],"a":[["12.33100000","0.00000000"],["12.33200000","0.00000000"],["12.33300000","0.00000000"],["12.33400000","44.34000000"],["12.33500000","115.65000000"],["12.33800000","214.64000000"],["12.34000000","438.75000000"],["12.35700000","478.61000000"],["12.36200000","596.50000000"],["12.37200000","83.21000000"]]}
{"e":"depthUpdate","E":1710730652021,"s":"UNIUSDT","U":4117969002,"u":4117969108,"b":[["12.33400000","0.00000000"],["12.33300000","24.99000000"],["12.33200000","44.30000000"],["12.33100000","176.18000000"],["12.33000000","318.47000000"],["12.32900000","258.74000000"],["12.32800000","270.31000000"],["12.32700000","248.78000000"],["12.32600000","148.43000000"],["12.32500000","343.46000000"],["12.32400000","424.90000000"],["12.32300000","593.64000000"],["12.32100000","361.68000000"],["12.31900000","666.83000000"],["12.31700000","12.28000000"],["12.31600000","69.83000000"],["12.30300000","444.76000000"]],"a":[["12.33300000","0.00000000"],["12.33400000","0.00000000"],["12.33500000","65.78000000"],["12.33600000","100.63000000"],["12.33700000","11.97000000"],["12.33800000","11.94000000"],["12.33900000","98.52000000"],["12.34000000","91.53000000"],["12.34100000","1011.53000000"],["12.34200000","545.67000000"],["12.34300000","896.32000000"],["12.34400000","108.20000000"],["12.34600000","459.96000000"],["12.34900000","325.81000000"],["12.35200000","58.98000000"],["12.35700000","378.61000000"],["12.35800000","132.39000000"],["12.36500000","95.22000000"],["12.37900000","0.00000000"],["12.38100000","160.90000000"]]}
{"e":"depthUpdate","E":1710730653022,"s":"UNIUSDT","U":4117969109,"u":4117969183,"b":[["12.33300000","0.00000000"],["12.33200000","23.10000000"],["12.33100000","160.06000000"],["12.32800000","271.47000000"],["12.32700000","288.78000000"],["12.32400000","424.90000000"],["12.31700000","12.28000000"],["12.31600000","30.00000000"],["12.29700000","204.07000000"]],"a":[["12.33300000","81.13000000"],["12.33400000","11.99000000"],["12.33500000","149.49000000"],["12.33900000","179.61000000"],["12.34100000","1011.53000000"],["12.34200000","464.63000000"],["12.34300000","295.58000000"],["12.34400000","108.20000000"],["12.34600000","643.79000000"],["12.34800000","234.39000000"],["12.34900000","325.81000000"],["12.35000000","1183.89000000"],["12.35300000","0.00000000"],["12.35500000","974.35000000"],["12.35700000","478.61000000"],["12.35800000","32.39000000"],["12.35900000","117.90000000"],["12.46100000","166.51000000"],["12.46300000","0.00000000"]]}
{"e":"depthUpdate","E":1710730654022,"s":"UNIUSDT","U":4117969184,"u":4117969287,"b":[["12.33200000","0.00000000"],["12.33100000","0.00000000"],["12.33000000","34.09000000"],["12.32900000","291.11000000"],["12.32800000","190.31000000"],["12.32700000","248.78000000"],["12.32600000","148.43000000"],["12.32500000","464.64000000"],["12.32400000","311.21000000"],["12.32300000","260.00000000"],["12.32100000","394.18000000"],["12.32000000","363.00000000"],["12.31900000","801.83000000"],["12.31700000","353.58000000"],["12.31600000","165.00000000"],["12.31200000","1722.31000000"],["12.29500000","81.14000000"],["12.26600000","148.78000000"],["12.25500000","0.63000000"],["7.50000000","24694.14000000"]],"a":[["12.33200000","97.38000000"],["12.33300000","124.31000000"],["12.33400000","11.99000000"],["12.33500000","67.66000000"],["12.33600000","541.62000000"],["12.33700000","287.46000000"],["12.33800000","128.25000000"],["12.33900000","93.05000000"],["12.34000000","69.22000000"],["12.34100000","129.07000000"],["12.34200000","95.11000000"],["12.34300000","558.32000000"],["12.34400000","886.46000000"],["12.34500000","477.07000000"],["12.35200000","47.66000000"],["12.35500000","436.45000000"],["12.35600000","1318.30000000"],["12.35700000","378.61000000"]]}
{"e":"depthUpdate","E":1710730655022,"s":"UNIUSDT","U":4117969288,"u":4117969329,"b":[["12.32800000","93.17000000"],["12.32700000","167.64000000"],["12.32500000","319.44000000"],["12.32400000","251.28000000"],["12.32200000","489.88000000"],["12.32000000","199.55000000"],["12.31700000","596.91000000"],["12.31400000","3541.63000000"],["12.31300000","2503.61000000"],["12.30100000","3059.89000000"]],"a":[["12.33100000","102.43000000"],["12.33200000","164.42000000"],["12.33500000","327.09000000"],["12.33600000","622.73000000"],["12.34100000","295.60000000"],["12.34200000","95.11000000"],["12.34600000","459.96000000"],["12.34700000","146.99000000"],["12.35000000","1149.50000000"],["12.35500000","536.45000000"],["12.35600000","1218.30000000"],["12.35700000","541.71000000"],["12.35900000","2222.30000000"],["12.36600000","2439.89000000"],["12.37800000","83.24000000"]]}
{"e":"depthUpdate","E":1710730656023,"s":"UNIUSDT","U":4117969330,"u":4117969332,"b":[["12.32500000","483.86000000"]],"a":[["12.35500000","536.45000000"]]}
{"e":"depthUpdate","E":1710730657023,"s":"UNIUSDT","U":4117969333,"u":4117969450,"b":[["12.33000000","0.00000000"],["12.32900000","258.10000000"],["12.32800000","11.32000000"],["12.32700000","31.86000000"],["12.32600000","124.10000000"],["12.32500000","239.13000000"],["12.32400000","299.87000000"],["12.32300000","421.19000000"],["12.32100000","511.29000000"],["12.32000000","239.14000000"],["12.31900000","569.65000000"],["12.31800000","307.13000000"],["12.31700000","597.74000000"],["12.31600000","135.00000000"],["12.31400000","3068.62000000"],["12.31300000","2503.61000000"],["12.31100000","81.27000000"],["12.31000000","29.06000000"],["12.30700000","83.00000000"],["12.30500000","135.38000000"],["12.30400000","205.63000000"],["12.30300000","1162.15000000"],["12.30200000","1.07000000"],["12.30100000","3120.70000000"],["12.30000000","943.10000000"],["12.29200000","2.62000000"],["12.27900000","99.38000000"],["12.26600000","0.66000000"],["12.25500000","148.89000000"]],"a":[["12.33000000","117.49000000"],["12.33100000","107.47000000"],["12.33200000","44.31000000"],["12.33300000","11.94000000"],["12.33600000","623.42000000"],["12.34000000","69.22000000"],["12.34100000","130.91000000"],["12.34200000","135.33000000"],["12.34500000","675.71000000"],["12.34800000","252.67000000"],["12.35000000","1221.43000000"],["12.35100000","378.01000000"],["12.35300000","12.28000000"],["12.35500000","536.45000000"],["12.35600000","1019.66000000"],["12.36100000","211.37000000"],["12.36200000","524.65000000"],["12.36500000","0.00000000"],["12.36700000","1238.80000000"],["12.36900000","0.78000000"],["12.37300000","233.54000000"],["12.38800000","0.00000000"],["12.44800000","67.69000000"],["12.51100000","0.50000000"]]}
{"e":"depthUpdate","E":1710730658023,"s":"UNIUSDT","U":4117969451,"u":4117969461,"b":[["12.32700000","80.61000000"],["12.31400000","964.22000000"],["12.30000000","3047.50000000"]],"a":[["12.34000000","412.11000000"],["12.34300000","558.32000000"],["12.35100000","396.24000000"],["12.35300000","112.28000000"],["12.37400000","0.00000000"],["12.45100000","5167.17000000"],["12.50100000","1.03000000"]]}
{"e":"depthUpdate","E":1710730659022,"s":"UNIUSDT","U":4117969462,"u":4117969476,"b":[["12.32400000","407.07000000"],["12.32300000","478.56000000"],["12.31400000","964.22000000"],["12.30100000","3241.71000000"],["12.25500000","0.63000000"],["12.24700000","148.35000000"],["12.23100000","0.70000000"],["12.18700000","20.77000000"],["4.43900000","1.36000000"]],"a":[["12.34000000","655.42000000"],["12.34200000","175.54000000"],["12.34600000","216.66000000"],["12.34800000","260.33000000"],["12.35200000","40.00000000"],["12.35300000","12.28000000"],["12.35500000","436.45000000"]]}
{"e":"depthUpdate","E":1710730660021,"s":"UNIUSDT","U":4117969477,"u":4117969483,"b":[["12.32700000","164.67000000"],["12.32600000","107.87000000"],["12.32100000","394.18000000"],["11.10100000","21.80000000"],["11.09600000","1.89000000"]],"a":[["12.35400000","356.31000000"]]}
{"e":"depthUpdate","E":1710730661023,"s":"UNIUSDT","U":4117969484,"u":4117969498,"b":[["12.32800000","51.16000000"],["12.32700000","148.44000000"],["12.32400000","488.26000000"],["12.32300000","397.37000000"],["12.31500000","589.63000000"],["12.25400000","3.20000000"],["12.23700000","288.70000000"],["11.09900000","0.00000000"],["11.09600000","2.71000000"]],"a":[["12.33000000","117.47000000"],["12.35400000","356.31000000"]]}
{"e":"depthUpdate","E":1710730662022,"s":"UNIUSDT","U":4117969499,"u":4117969507,"b":[["12.31600000","175.60000000"],["12.31500000","589.63000000"]],"a":[["12.33600000","679.59000000"],["12.34500000","619.00000000"],["12.35200000","121.10000000"],["12.35400000","356.31000000"],["12.37700000","24.24000000"]]}
{"e":"depthUpdate","E":1710730663022,"s":"UNIUSDT","U":4117969508,"u":4117969518,"b":[["12.31900000","581.55000000"],["12.31700000","540.74000000"],["12.31500000","685.23000000"]],"a":[["12.33000000","81.15000000"],["12.35400000","356.31000000"],["12.45000000","157.63000000"],["12.46100000","12.01000000"]]}
{"e":"depthUpdate","E":1710730664022,"s":"UNIUSDT","U":4117969519,"u":4117969523,"b":[["12.31600000","216.20000000"],["12.27400000","2.51000000"],["12.27200000","495.52000000"]],"a":[["12.35400000","356.31000000"]]}
{"e":"depthUpdate","E":1710730665022,"s":"UNIUSDT","U":4117969524,"u":4117969541,"b":[["12.32800000","51.20000000"],["12.32400000","331.96000000"],["12.31400000","618.02000000"]],"a":[["12.33000000","121.15000000"],["12.33100000","67.47000000"],["12.34200000","238.68000000"],["12.34300000","731.87000000"],["12.34800000","221.80000000"],["12.35000000","1259.53000000"],["12.35300000","112.28000000"],["12.35400000","183.21000000"]]}
{"e":"depthUpdate","E":1710730666022,"s":"UNIUSDT","U":4117969542,"u":4117969591,"b":[["12.32900000","258.10000000"],["12.32600000","223.56000000"],["12.32500000","370.17000000"],["12.32400000","491.96000000"],["12.32300000","317.37000000"],["12.32200000","194.64000000"],["12.32100000","394.18000000"],["12.30500000","481.58000000"],["12.16900000","0.00000000"],["12.16400000","574.29000000"]],"a":[["12.33000000","98.21000000"],["12.33100000","80.49000000"],["12.33200000","32.99000000"],["12.33300000","11.94000000"],["12.33500000","28.30000000"],["12.33600000","342.32000000"],["12.33700000","17.62000000"],["12.34200000","278.88000000"],["12.34900000","1163.60000000"],["12.35300000","112.28000000"],["12.35400000","83.21000000"],["12.37300000","0.00000000"],["12.37600000","420.87000000"],["12.64400000","10.72000000"]]}
{"e":"depthUpdate","E":1710730667023,"s":"UNIUSDT","U":4117969592,"u":4117969656,"b":[["12.33100000","11.32000000"],["12.33000000","166.45000000"],["12.32900000","356.16000000"],["12.32800000","142.18000000"],["12.32700000","163.76000000"],["12.32400000","410.77000000"],["12.32300000","317.37000000"],["12.32200000","194.64000000"],["12.32100000","394.18000000"],["12.31900000","582.22000000"],["12.31600000","350.75000000"],["12.31000000","96.01000000"],["12.30700000","30.00000000"],["12.30600000","439.62000000"],["12.29800000","879.51000000"]],"a":[["12.33000000","0.00000000"],["12.33100000","0.00000000"],["12.33200000","80.00000000"],["12.33300000","53.29000000"],["12.33400000","33.04000000"],["12.33500000","28.30000000"],["12.33800000","906.51000000"],["12.33900000","609.19000000"],["12.34300000","185.48000000"],["12.34400000","108.20000000"],["12.34900000","325.81000000"],["12.35300000","12.28000000"],["12.35600000","1119.66000000"],["12.36100000","116.15000000"],["12.36200000","619.87000000"],["12.36800000","262.95000000"],["12.37600000","187.33000000"]]}
{"e":"depthUpdate","E":1710730668023,"s":"UNIUSDT","U":4117969657,"u":4117969956,"b":[["12.33400000","0.00000000"],["12.33300000","0.00000000"],["12.33200000","0.00000000"],["12.33100000","0.00000000"],["12.33000000","0.00000000"],["12.32900000","0.00000000"],["12.32800000","0.00000000"],["12.32700000","11.33000000"],["12.32600000","51.81000000"],["12.32500000","80.53000000"],["12.32400000","313.52000000"],["12.32200000","301.84000000"],["12.32100000","1.28000000"],["12.32000000","79.17000000"],["12.31900000","300.32000000"],["12.31800000","0.62000000"],["12.31700000","203.52000000"],["12.31600000","0.64000000"],["12.31500000","645.28000000"],["12.31400000","25.57000000"],["12.31300000","1012.17000000"],["12.31200000","225.28000000"],["12.31100000","276.72000000"],["12.31000000","580.87000000"],["12.30900000","0.66000000"],["12.30800000","295.38000000"],["12.30700000","497.17000000"],["12.30600000","1777.29000000"],["12.30500000","351.56000000"],["12.30400000","502.05000000"],["12.30300000","503.57000000"],["12.30200000","687.98000000"],["12.30100000","3566.41000000"],["12.30000000","2499.07000000"],["12.29900000","121.01000000"],["12.29800000","571.71000000"],["12.29700000","206.07000000"],["12.29600000","78.07000000"],["12.29500000","766.00000000"],["12.28900000","1471.25000000"],["12.28100000","2106.92000000"],["12.28000000","645.34000000"],["12.27500000","62.76000000"],["12.25800000","82.98000000"],["12.25200000","82.56000000"],["12.24800000","2105.47000000"],["12.23700000","238.70000000"],["8.63000000","5.79000000"]],"a":[["12.33000000","86.61000000"],["12.33100000","11.33000000"],["12.33200000","122.58000000"],["12.33300000","19.77000000"],["12.33400000","256.94000000"],["12.33500000","189.58000000"],["12.33600000","165.98000000"],["12.33700000","17.44000000"],["12.33800000","11.94000000"],["12.33900000","404.14000000"],["12.34100000","1026.98000000"],["12.34200000","215.74000000"],["12.34300000","11.93000000"],["12.34400000","523.84000000"],["12.34500000","420.36000000"],["12.34600000","255.20000000"],["12.34800000","214.14000000"],["12.34900000","1239.07000000"],["12.35000000","297.31000000"],["12.35100000","385.67000000"],["12.35200000","40.00000000"],["12.35300000","12.28000000"],["12.35400000","101.44000000"],["12.35500000","608.36000000"],["12.35600000","1019.66000000"],["12.35700000","622.79000000"],["12.35800000","231.03000000"],["12.36200000","524.65000000"],["12.36300000","202.35000000"],["12.36400000","60.00000000"],["12.36600000","2237.59000000"],["12.37600000","249.45000000"],["12.37900000","0.00000000"],["12.38200000","235.81000000"],["12.38400000","337.07000000"],["12.42000000","25.59000000"],["12.42600000","17.10000000"],["12.46600000","13.01000000"]]}
{"e":"depthUpdate","E":1710730669023,"s":"UNIUSDT","U":4117969957,"u":4117970250,"b":[["12.32900000","0.00000000"],["12.32800000","33.97000000"],["12.32700000","129.42000000"],["12.32600000","142.60000000"],["12.32500000","184.47000000"],["12.32400000","352.24000000"],["12.32300000","341.20000000"],["12.32200000","378.66000000"],["12.32100000","270.16000000"],["12.32000000","205.99000000"],["12.31900000","346.58000000"],["12.31800000","402.61000000"],["12.31700000","218.90000000"],["12.31600000","146.97000000"],["12.31500000","496.65000000"],["12.31400000","187.78000000"],["12.31300000","378.10000000"],["12.31200000","340.76000000"],["12.31100000","580.20000000"],["12.31000000","29.06000000"],["12.30900000","406.19000000"],["12.30800000","1962.66000000"],["12.30700000","955.12000000"],["12.30600000","1474.36000000"],["12.30200000","951.81000000"],["12.30100000","3104.09000000"],["12.29900000","387.94000000"],["12.29800000","286.20000000"],["12.29700000","348.19000000"],["12.29600000","633.09000000"],["12.29500000","211.16000000"],["12.29400000","204.65000000"],["12.28900000","1471.41000000"],["12.28000000","237.94000000"],["12.27300000","411.47000000"],["12.21600000","200.01000000"],["12.17800000","5.86000000"],["8.62900000","0.00000000"]],"a":[["12.32800000","0.00000000"],["12.32900000","0.00000000"],["12.33000000","11.97000000"],["12.33100000","157.08000000"],["12.33200000","404.35000000"],["12.33300000","25.86000000"],["12.33400000","285.70000000"],["12.33500000","149.58000000"],["12.33600000","273.18000000"],["12.33700000","149.90000000"],["12.33800000","110.30000000"],["12.34100000","130.91000000"],["12.34200000","215.74000000"],["12.34400000","311.27000000"],["12.34500000","334.21000000"],["12.34700000","345.63000000"],["12.34800000","349.14000000"],["12.34900000","1496.24000000"],["12.35000000","1106.68000000"],["12.35300000","12.28000000"],["12.35500000","427.37000000"],["12.35600000","1578.50000000"],["12.35700000","459.69000000"],["12.35800000","32.39000000"],["12.36000000","95.53000000"],["12.36100000","211.37000000"],["12.36300000","0.00000000"],["12.36500000","23.89000000"],["12.36700000","679.96000000"],["12.37700000","0.00000000"],["12.39700000","186.56000000"],["12.43100000","254.17000000"]]}
{"e":"depthUpdate","E":1710730670024,"s":"UNIUSDT","U":4117970251,"u":4117970422,"b":[["12.32800000","0.00000000"],["12.32700000","0.00000000"],["12.32600000","0.00000000"],["12.32500000","8.11000000"],["12.32400000","265.49000000"],["12.32300000","260.00000000"],["12.32200000","128.74000000"],["12.32100000","318.61000000"],["12.32000000","205.99000000"],["12.31900000","587.80000000"],["12.31800000","267.61000000"],["12.31700000","294.82000000"],["12.31600000","179.48000000"],["12.31500000","279.43000000"],["12.31400000","244.78000000"],["12.31300000","554.72000000"],["12.31200000","217.19000000"],["12.31100000","522.61000000"],["12.31000000","109.12000000"],["12.30900000","1349.21000000"],["12.30800000","1285.47000000"],["12.30700000","902.81000000"],["12.30600000","1204.09000000"],["12.30500000","809.48000000"],["12.30300000","484.99000000"],["12.30200000","489.34000000"],["12.30100000","3396.42000000"],["12.30000000","3022.33000000"],["12.29800000","0.79000000"],["12.29700000","348.19000000"],["12.29400000","269.66000000"],["12.28600000","192.74000000"],["12.25300000","148.28000000"],["12.24700000","0.00000000"],["12.23700000","288.70000000"]],"a":[["12.32700000","0.61000000"],["12.32800000","88.45000000"],["12.32900000","11.99000000"],["12.33000000","240.85000000"],["12.33100000","436.08000000"],["12.33200000","140.26000000"],["12.33300000","287.98000000"],["12.33400000","584.19000000"],["12.33800000","245.30000000"],["12.33900000","539.14000000"],["12.34000000","312.53000000"],["12.34100000","326.70000000"],["12.34200000","95.11000000"],["12.34700000","344.96000000"],["12.34800000","1241.76000000"],["12.34900000","132.82000000"],["12.35000000","1181.62000000"],["12.35100000","7.66000000"],["12.35200000","120.07000000"],["12.35300000","445.54000000"],["12.35400000","143.21000000"],["12.35700000","554.91000000"],["12.36100000","0.00000000"],["12.36400000","0.00000000"],["12.36700000","600.00000000"],["12.36800000","0.00000000"],["12.37300000","142.11000000"],["12.38900000","0.00000000"],["12.46600000","63.01000000"]]}
{"e":"depthUpdate","E":1710730671024,"s":"UNIUSDT","U":4117970423,"u":4117970464,"b":[["12.32600000","0.85000000"],["12.32500000","8.96000000"],["12.32400000","187.97000000"],["12.32000000","313.19000000"],["12.31300000","689.72000000"],["12.31200000","350.47000000"],["12.31100000","724.64000000"],["12.31000000","501.21000000"],["12.30900000","1103.04000000"],["12.30800000","893.34000000"],["12.30400000","258.67000000"],["12.29900000","121.01000000"],["12.29600000","630.47000000"],["12.29300000","555.07000000"]],"a":[["12.32700000","0.00000000"],["12.32800000","87.63000000"],["12.33400000","533.09000000"],["12.35700000","459.69000000"],["12.35800000","127.61000000"]]}
{"e":"depthUpdate","E":1710730672023,"s":"UNIUSDT","U":4117970465,"u":4117970499,"b":[["12.32600000","0.00000000"],["12.32500000","19.45000000"],["12.32400000","203.09000000"],["12.32300000","200.42000000"],["12.32200000","184.24000000"],["12.32000000","350.86000000"],["12.31200000","391.08000000"],["12.31100000","684.79000000"],["12.25300000","0.00000000"],["12.24900000","150.01000000"]],"a":[["12.32700000","12.02000000"],["12.33500000","308.29000000"],["12.33600000","329.95000000"],["12.34000000","351.09000000"],["12.34400000","135.57000000"],["12.34500000","181.60000000"],["12.34600000","216.66000000"],["12.34700000","1364.62000000"],["12.35600000","558.84000000"],["12.38600000","2994.87000000"],["12.40900000","6.23000000"]]}
{"e":"depthUpdate","E":1710730673023,"s":"UNIUSDT","U":4117970500,"u":4117970515,"b":[["12.32500000","6.98000000"],["12.32000000","430.86000000"],["12.31900000","427.80000000"],["12.31100000","725.40000000"],["12.29500000","455.16000000"]],"a":[["12.32700000","52.02000000"],["12.32800000","47.63000000"],["12.35000000","1181.62000000"],["12.45000000","3.13000000"]]}
{"e":"depthUpdate","E":1710730674023,"s":"UNIUSDT","U":4117970516,"u":4117970635,"b":[["12.32500000","0.00000000"],["12.32400000","79.22000000"],["12.32300000","97.38000000"],["12.32200000","107.83000000"],["12.32100000","154.07000000"],["12.32000000","126.14000000"],["12.31900000","12.00000000"],["12.31800000","185.05000000"],["12.31700000","536.05000000"],["12.31600000","44.48000000"],["12.31500000","198.19000000"],["12.31400000","811.15000000"],["12.31300000","690.39000000"],["12.31200000","481.40000000"],["12.31100000","407.61000000"],["12.31000000","636.21000000"],["12.30900000","921.92000000"],["12.30800000","965.29000000"],["12.30600000","1703.08000000"],["12.30500000","404.58000000"],["12.30300000","622.06000000"],["12.30100000","2796.42000000"],["12.30000000","2541.31000000"],["12.29800000","462.53000000"],["12.29700000","409.02000000"],["12.29600000","345.02000000"],["12.29500000","680.84000000"],["12.29400000","555.12000000"],["12.28900000","2071.41000000"],["12.26600000","408.53000000"]],"a":[["12.32500000","0.00000000"],["12.32600000","138.19000000"],["12.32700000","12.02000000"],["12.32800000","154.83000000"],["12.33000000","537.35000000"],["12.33100000","135.53000000"],["12.33200000","414.23000000"],["12.33400000","631.45000000"],["12.33800000","146.94000000"],["12.33900000","674.14000000"],["12.34000000","486.09000000"],["12.34100000","644.56000000"],["12.34500000","12.01000000"],["12.34600000","81.05000000"],["12.34700000","1535.08000000"],["12.34800000","463.50000000"],["12.34900000","254.37000000"],["12.35500000","109.88000000"],["12.36000000","297.93000000"],["12.36800000","420.87000000"],["12.36900000","0.00000000"],["12.37200000","244.11000000"],["12.37600000","62.12000000"],["12.37900000","236.04000000"],["12.38100000","0.00000000"],["12.38400000","103.53000000"],["12.39900000","3.51000000"],["12.40900000","2110.63000000"],["12.44200000","157.69000000"],["12.44300000","9.06000000"]]}
{"e":"depthUpdate","E":1710730675023,"s":"UNIUSDT","U":4117970636,"u":4117970728,"b":[["12.32400000","0.00000000"],["12.32300000","0.00000000"],["12.32200000","130.89000000"],["12.32100000","154.07000000"],["12.32000000","126.14000000"],["12.31900000","12.00000000"],["12.31800000","292.25000000"],["12.31700000","359.44000000"],["12.31600000","11.97000000"],["12.31500000","357.94000000"],["12.31400000","550.29000000"],["12.31300000","639.80000000"],["12.31100000","468.32000000"],["12.31000000","718.44000000"],["12.30900000","879.48000000"],["12.30700000","1026.40000000"],["12.30600000","1723.99000000"],["12.30100000","2541.45000000"],["12.30000000","2230.41000000"],["12.29700000","522.00000000"],["12.29200000","144.77000000"],["12.28900000","1071.98000000"],["12.26700000","42.86000000"],["12.23700000","50.69000000"],["12.21900000","1520.23000000"],["12.21400000","237.84000000"]],"a":[["12.32400000","0.00000000"],["12.32500000","11.95000000"],["12.32800000","451.33000000"],["12.32900000","17.78000000"],["12.33000000","241.47000000"],["12.33100000","416.08000000"],["12.33300000","282.53000000"],["12.33400000","712.57000000"],["12.34100000","684.56000000"],["12.34500000","11.32000000"],["12.34600000","859.31000000"],["12.34700000","1229.62000000"],["12.34800000","563.50000000"],["12.35000000","1081.62000000"],["12.35100000","123.81000000"],["12.35200000","80.07000000"],["12.35800000","32.39000000"],["12.35900000","2104.40000000"],["12.37900000","722.95000000"],["12.38600000","2508.37000000"],["12.44300000","245.16000000"],["12.46700000","49.06000000"]]}
{"e":"depthUpdate","E":1710730676023,"s":"UNIUSDT","U":4117970729,"u":4117970785,"b":[["12.32300000","0.00000000"],["12.32200000","38.64000000"],["12.32100000","198.12000000"],["12.31900000","232.76000000"],["12.31800000","527.08000000"],["12.31300000","812.90000000"],["12.31200000","552.95000000"],["12.31100000","468.96000000"],["12.30900000","920.10000000"],["12.30800000","1045.38000000"],["12.30600000","1743.68000000"]],"a":[["12.32400000","11.34000000"],["12.32500000","44.32000000"],["12.32800000","418.96000000"],["12.32900000","318.12000000"],["12.33000000","241.47000000"],["12.33200000","381.82000000"],["12.33300000","20.41000000"],["12.33700000","149.90000000"],["12.34000000","428.82000000"],["12.34100000","585.29000000"],["12.34500000","184.42000000"],["12.34900000","243.05000000"],["12.35000000","908.52000000"],["12.35500000","185.41000000"],["12.35900000","2450.60000000"],["12.37000000","16.00000000"]]}
{"e":"depthUpdate","E":1710730677023,"s":"UNIUSDT","U":4117970786,"u":4117970819,"b":[["12.32300000","17.08000000"],["12.32200000","93.30000000"],["12.32100000","182.58000000"],["12.31700000","524.96000000"],["12.31500000","172.41000000"],["12.31400000","423.27000000"],["12.30900000","960.72000000"],["12.29400000","866.21000000"]],"a":[["12.32400000","0.00000000"],["12.32500000","16.38000000"],["12.32600000","165.52000000"],["12.33100000","215.24000000"],["12.33200000","107.85000000"],["12.33700000","190.14000000"],["12.34300000","19.59000000"],["12.34600000","1251.43000000"],["12.35100000","116.15000000"]]}
{"e":"depthUpdate","E":1710730678024,"s":"UNIUSDT","U":4117970820,"u":4117970874,"b":[["12.32300000","0.00000000"],["12.32200000","52.79000000"],["12.32000000","107.86000000"],["12.31800000","620.23000000"],["12.31700000","279.44000000"],["12.31600000","171.97000000"],["12.31300000","813.23000000"],["12.31200000","621.95000000"],["12.30600000","1761.96000000"],["12.29600000","78.07000000"],["12.29400000","580.75000000"],["12.29300000","552.54000000"],["12.29000000","555.19000000"],["12.28100000","2150.60000000"],["12.27300000","454.88000000"],["12.26900000","37.53000000"]],"a":[["12.32300000","0.00000000"],["12.32400000","12.02000000"],["12.32500000","89.40000000"],["12.32600000","93.15000000"],["12.33000000","515.44000000"],["12.33700000","149.90000000"],["12.33800000","146.94000000"],["12.34100000","603.57000000"],["12.34400000","134.87000000"],["12.34500000","594.90000000"],["12.34600000","859.31000000"],["12.34800000","552.18000000"],["12.34900000","259.05000000"],["12.35500000","167.13000000"],["12.38100000","95.61000000"],["12.39300000","1.91000000"]]}
{"e":"depthUpdate","E":1710730679023,"s":"UNIUSDT","U":4117970875,"u":4117971068,"b":[["12.32200000","0.00000000"],["12.32100000","0.00000000"],["12.32000000","0.00000000"],["12.31900000","19.44000000"],["12.31800000","92.25000000"],["12.31700000","39.20000000"],["12.31600000","51.97000000"],["12.31400000","423.27000000"],["12.31300000","288.57000000"],["12.31200000","823.13000000"],["12.31100000","426.61000000"],["12.31000000","461.35000000"],["12.30900000","460.34000000"],["12.30800000","1028.34000000"],["12.30700000","435.64000000"],["12.30600000","1550.90000000"],["12.30500000","431.65000000"],["12.30400000","588.36000000"],["12.30300000","217.08000000"],["12.30200000","741.02000000"],["12.30100000","2654.20000000"],["12.30000000","2188.17000000"],["12.29900000","378.44000000"],["12.29800000","0.00000000"],["12.29700000","503.43000000"],["12.29600000","540.69000000"],["12.29400000","873.08000000"],["12.29300000","739.16000000"],["12.29200000","430.31000000"],["12.28900000","762.01000000"],["12.28400000","0.00000000"],["12.27100000","9.07000000"],["12.24900000","1.68000000"],["12.24100000","148.43000000"],["12.21100000","2.01000000"],["12.16200000","51.50000000"]],"a":[["12.32100000","11.34000000"],["12.32200000","40.00000000"],["12.32300000","49.43000000"],["12.32400000","119.22000000"],["12.32500000","430.21000000"],["12.32600000","322.06000000"],["12.32700000","165.19000000"],["12.32800000","144.69000000"],["12.33000000","300.71000000"],["12.33300000","798.67000000"],["12.33400000","492.56000000"],["12.33600000","453.56000000"],["12.33700000","348.54000000"],["12.34100000","1493.86000000"],["12.34300000","90.95000000"],["12.34400000","341.94000000"],["12.34500000","202.76000000"],["12.34600000","181.05000000"],["12.34700000","1019.66000000"],["12.34800000","508.18000000"],["12.35000000","18.23000000"],["12.35300000","671.22000000"],["12.35500000","95.22000000"],["12.36200000","298.97000000"],["12.36400000","235.81000000"],["12.37500000","225.13000000"],["12.38200000","0.00000000"],["12.38300000","80.98000000"]]}
{"e":"depthUpdate","E":1710730680024,"s":"UNIUSDT","U":4117971069,"u":4117971268,"b":[["12.31900000","0.00000000"],["12.31800000","44.98000000"],["12.31700000","1.49000000"],["12.31600000","127.32000000"],["12.31500000","278.64000000"],["12.31400000","212.77000000"],["12.31300000","18.95000000"],["12.31200000","575.59000000"],["12.31100000","743.70000000"],["12.31000000","745.94000000"],["12.30900000","326.55000000"],["12.30800000","166.07000000"],["12.30700000","147.04000000"],["12.30600000","1404.76000000"],["12.30500000","85.45000000"],["12.30400000","479.15000000"],["12.30300000","352.99000000"],["12.30200000","1187.20000000"],["12.30100000","2533.95000000"],["12.30000000","551.35000000"],["12.29900000","257.43000000"],["12.29800000","1325.45000000"],["12.29700000","44.90000000"],["12.29600000","78.07000000"],["12.29500000","1027.04000000"],["12.29400000","561.99000000"],["12.29300000","717.94000000"],["12.29200000","144.77000000"],["12.29000000","2657.09000000"],["12.28800000","987.98000000"],["12.28700000","805.33000000"],["12.28600000","314.90000000"],["12.28500000","163.39000000"],["12.27200000","8.75000000"],["12.26200000","1491.92000000"]],"a":[["12.32000000","0.00000000"],["12.32100000","49.36000000"],["12.32200000","267.84000000"],["12.32300000","17.06000000"],["12.32500000","526.27000000"],["12.32800000","140.64000000"],["12.32900000","586.30000000"],["12.33000000","435.71000000"],["12.33300000","1025.17000000"],["12.33400000","411.44000000"],["12.33900000","281.96000000"],["12.34000000","293.82000000"],["12.34100000","1297.44000000"],["12.34200000","94.49000000"],["12.34300000","190.95000000"],["12.34400000","359.84000000"],["12.34500000","489.71000000"],["12.34600000","12.28000000"],["12.34800000","2612.58000000"],["12.35000000","18.23000000"],["12.35100000","211.37000000"],["12.35200000","209.94000000"],["12.35300000","500.91000000"],["12.35500000","600.00000000"],["12.35700000","143.08000000"],["12.35900000","346.20000000"],["12.36000000","83.25000000"],["12.36200000","496.72000000"],["12.36700000","0.00000000"],["12.37600000","0.00000000"],["12.39700000","50.93000000"]]}
{"e":"depthUpdate","E":1710730681023,"s":"UNIUSDT","U":4117971269,"u":4117971329,"b":[["12.31900000","0.00000000"],["12.31800000","19.44000000"],["12.31700000","171.96000000"],["12.31600000","20.12000000"],["12.31400000","270.64000000"],["12.31100000","351.54000000"],["12.31000000","715.34000000"],["12.30800000","15.09000000"],["12.30700000","583.06000000"],["12.30600000","1673.96000000"],["12.30500000","524.82000000"],["12.30400000","521.52000000"],["12.30300000","532.68000000"],["12.30200000","1187.20000000"],["12.29700000","2.64000000"],["12.29200000","2.62000000"],["12.29000000","2371.48000000"],["12.24000000","1025.09000000"],["12.21400000","318.89000000"]],"a":[["12.32000000","91.35000000"],["12.32100000","48.92000000"],["12.32200000","107.84000000"],["12.32700000","169.22000000"],["12.33000000","300.71000000"],["12.33300000","984.93000000"],["12.33400000","407.41000000"],["12.33600000","588.56000000"],["12.40100000","96.23000000"],["12.41100000","16.87000000"]]}
{"e":"depthUpdate","E":1710730682024,"s":"UNIUSDT","U":4117971330,"u":4117971535,"b":[["12.31800000","0.00000000"],["12.31700000","0.00000000"],["12.31600000","24.37000000"],["12.31500000","11.32000000"],["12.31400000","151.21000000"],["12.31300000","77.19000000"],["12.31200000","102.20000000"],["12.31100000","119.97000000"],["12.31000000","784.61000000"],["12.30900000","255.63000000"],["12.30800000","156.43000000"],["12.30700000","55.93000000"],["12.30600000","226.38000000"],["12.30500000","583.72000000"],["12.30400000","206.14000000"],["12.30200000","443.19000000"],["12.30100000","498.22000000"],["12.29900000","2058.11000000"],["12.29800000","1022.25000000"],["12.29700000","0.64000000"],["12.29600000","78.07000000"],["12.29500000","427.34000000"],["12.29400000","496.98000000"],["12.29300000","0.00000000"],["12.29200000","2.62000000"],["12.29000000","2104.40000000"],["12.28800000","2643.78000000"],["12.28700000","617.89000000"],["12.28600000","316.90000000"],["12.28400000","472.38000000"],["12.25700000","408.16000000"],["12.24600000","380.57000000"],["12.18200000","6.88000000"],["12.17600000","56.82000000"]],"a":[["12.31700000","81.24000000"],["12.31800000","118.55000000"],["12.31900000","164.35000000"],["12.32000000","133.55000000"],["12.32100000","17.00000000"],["12.32200000","270.22000000"],["12.32300000","166.09000000"],["12.32400000","436.27000000"],["12.32500000","520.66000000"],["12.32600000","479.62000000"],["12.32800000","384.12000000"],["12.32900000","146.99000000"],["12.33100000","350.24000000"],["12.33500000","149.58000000"],["12.33600000","531.79000000"],["12.33800000","228.04000000"],["12.33900000","11.32000000"],["12.34000000","322.98000000"],["12.34200000","253.48000000"],["12.34300000","79.63000000"],["12.34400000","177.90000000"],["12.34500000","316.61000000"],["12.34700000","3124.06000000"],["12.34800000","2531.58000000"],["12.35000000","220.79000000"],["12.35100000","0.00000000"],["12.35300000","524.94000000"],["12.35400000","83.21000000"],["12.35600000","449.72000000"],["12.36500000","0.00000000"],["12.36600000","133.19000000"],["12.37200000","83.21000000"],["12.41400000","0.66000000"],["12.66600000","164.39000000"]]}
{"e":"depthUpdate","E":1710730683023,"s":"UNIUSDT","U":4117971536,"u":4117971754,"b":[["12.31600000","0.00000000"],["12.31500000","0.00000000"],["12.31400000","24.91000000"],["12.31300000","26.39000000"],["12.31200000","101.57000000"],["12.31100000","69.31000000"],["12.31000000","120.61000000"],["12.30900000","151.48000000"],["12.30800000","55.09000000"],["12.30700000","159.55000000"],["12.30600000","72.86000000"],["12.30500000","765.63000000"],["12.30400000","405.00000000"],["12.30300000","317.08000000"],["12.30100000","196.03000000"],["12.30000000","83.77000000"],["12.29900000","1560.61000000"],["12.29800000","1157.25000000"],["12.29700000","331.35000000"],["12.29600000","677.69000000"],["12.29500000","745.46000000"],["12.29400000","204.65000000"],["12.29300000","467.79000000"],["12.29100000","258.24000000"],["12.28900000","255.30000000"],["12.28800000","2332.61000000"],["12.28700000","938.62000000"],["12.28600000","316.90000000"],["12.28500000","163.39000000"],["12.28400000","739.58000000"],["12.28000000","2.01000000"],["12.27900000","2.55000000"],["12.27700000","836.24000000"],["12.26600000","502.95000000"],["12.26500000","0.00000000"],["12.24600000","332.56000000"],["12.24100000","0.00000000"],["12.23200000","3.25000000"],["12.22200000","148.66000000"],["12.17500000","63.37000000"],["11.94700000","0.00000000"],["11.89800000","24.52000000"]],"a":[["12.31500000","166.66000000"],["12.31600000","119.18000000"],["12.31700000","11.97000000"],["12.31800000","336.70000000"],["12.31900000","422.52000000"],["12.32100000","472.73000000"],["12.32400000","397.20000000"],["12.32500000","490.20000000"],["12.32600000","357.91000000"],["12.32800000","361.89000000"],["12.32900000","405.68000000"],["12.33000000","242.35000000"],["12.33100000","485.24000000"],["12.33200000","998.14000000"],["12.33400000","107.83000000"],["12.33600000","272.50000000"],["12.33700000","209.96000000"],["12.33800000","192.42000000"],["12.33900000","100.00000000"],["12.34000000","211.66000000"],["12.34100000","355.83000000"],["12.34200000","362.60000000"],["12.34600000","107.50000000"],["12.35000000","18.23000000"],["12.35100000","346.20000000"],["12.35300000","512.66000000"],["12.35600000","187.33000000"],["12.35900000","0.00000000"],["12.36500000","404.63000000"],["12.36800000","233.54000000"],["12.38600000","2104.40000000"],["12.43100000","700.73000000"],["12.49400000","0.00000000"],["12.61800000","194.63000000"],["12.66500000","320.59000000"]]}
{"e":"depthUpdate","E":1710730684023,"s":"UNIUSDT","U":4117971755,"u":4117971791,"b":[["12.31200000","185.78000000"],["12.31100000","91.06000000"],["12.30800000","199.69000000"],["12.30700000","215.68000000"],["12.30600000","346.39000000"],["12.30500000","613.33000000"],["12.30400000","405.00000000"],["12.30100000","236.68000000"],["12.29900000","1641.96000000"],["12.29800000","1135.44000000"],["12.29600000","729.69000000"],["12.29400000","693.56000000"],["12.29300000","569.80000000"],["12.29100000","663.58000000"],["12.28800000","2374.91000000"],["12.28600000","609.23000000"],["12.28300000","286.63000000"],["12.28200000","536.13000000"],["12.28100000","46.20000000"],["12.26200000","3596.32000000"],["12.17500000","1.53000000"]],"a":[["12.31500000","158.66000000"],["12.31600000","189.08000000"],["12.32000000","191.73000000"],["12.32400000","262.12000000"],["12.33100000","428.83000000"],["12.33600000","1292.16000000"],["12.33900000","0.00000000"],["12.34700000","2104.40000000"],["12.35900000","160.90000000"],["12.69700000","925.25000000"],["12.77700000","0.00000000"]]}
{"e":"depthUpdate","E":1710730685023,"s":"UNIUSDT","U":4117971792,"u":4117971995,"b":[["12.31400000","0.00000000"],["12.31300000","0.00000000"],["12.31200000","5.12000000"],["12.31100000","0.00000000"],["12.31000000","24.90000000"],["12.30900000","32.37000000"],["12.30800000","116.52000000"],["12.30700000","171.47000000"],["12.30600000","339.94000000"],["12.30500000","221.17000000"],["12.30400000","405.00000000"],["12.30300000","14.43000000"],["12.30200000","430.18000000"],["12.30100000","283.49000000"],["12.30000000","84.38000000"],["12.29900000","236.04000000"],["12.29800000","1055.29000000"],["12.29700000","41.30000000"],["12.29600000","562.65000000"],["12.29500000","471.29000000"],["12.29400000","509.67000000"],["12.29300000","1589.46000000"],["12.29100000","456.88000000"],["12.28900000","405.41000000"],["12.28800000","2678.81000000"],["12.28700000","475.68000000"],["12.28500000","626.37000000"],["12.28400000","255.34000000"],["12.28300000","43.21000000"],["12.28200000","536.13000000"],["12.28100000","313.44000000"],["12.28000000","1030.07000000"],["12.24000000","1107.65000000"],["12.16400000","250.00000000"],["8.61900000","0.00000000"]],"a":[["12.31300000","208.15000000"],["12.31400000","151.02000000"],["12.31500000","215.88000000"],["12.31600000","341.52000000"],["12.31700000","201.59000000"],["12.31800000","459.86000000"],["12.32000000","177.41000000"],["12.32100000","467.24000000"],["12.32200000","324.04000000"],["12.32400000","340.98000000"],["12.32700000","367.86000000"],["12.33000000","263.26000000"],["12.33100000","230.99000000"],["12.33400000","280.30000000"],["12.33500000","16.32000000"],["12.33600000","1262.86000000"],["12.33700000","80.15000000"],["12.33800000","356.33000000"],["12.33900000","449.72000000"],["12.34000000","38.56000000"],["12.34200000","457.82000000"],["12.34300000","7.66000000"],["12.34600000","12.28000000"],["12.34900000","137.55000000"],["12.35200000","129.87000000"],["12.35300000","249.71000000"],["12.35700000","285.35000000"],["12.36800000","235.53000000"],["12.36900000","94.35000000"],["12.37300000","0.00000000"],["12.38100000","0.00000000"],["12.40800000","3.85000000"]]}
{"e":"depthUpdate","E":1710730686022,"s":"UNIUSDT","U":4117971996,"u":4117972113,"b":[["12.31200000","0.00000000"],["12.31000000","16.78000000"],["12.30900000","0.00000000"],["12.30800000","39.70000000"],["12.30700000","45.11000000"],["12.30600000","299.94000000"],["12.30400000","254.25000000"],["12.30300000","296.97000000"],["12.30200000","778.27000000"],["12.30000000","266.40000000"],["12.29900000","155.38000000"],["12.29800000","12.05000000"],["12.29600000","90.35000000"],["12.29500000","486.78000000"],["12.29400000","990.71000000"],["12.29300000","1589.46000000"],["12.29200000","999.53000000"],["12.29100000","1347.17000000"],["12.29000000","2593.39000000"],["12.28800000","2586.80000000"],["12.28500000","163.39000000"],["12.28300000","587.68000000"],["12.28200000","597.04000000"],["12.28000000","474.50000000"],["12.27700000","1155.66000000"],["12.27300000","691.16000000"],["12.23100000","149.25000000"],["12.22200000","0.00000000"],["12.15500000","324.54000000"]],"a":[["12.31100000","217.67000000"],["12.31200000","165.56000000"],["12.31300000","198.62000000"],["12.31400000","184.38000000"],["12.31500000","488.47000000"],["12.31600000","341.52000000"],["12.31700000","133.78000000"],["12.31800000","242.98000000"],["12.31900000","178.96000000"],["12.32000000","268.67000000"],["12.32100000","603.24000000"],["12.32200000","242.84000000"],["12.32300000","201.32000000"],["12.32500000","912.46000000"],["12.32900000","270.68000000"],["12.33300000","19.77000000"],["12.33400000","173.10000000"],["12.33500000","116.32000000"],["12.33600000","1251.54000000"],["12.33900000","530.95000000"],["12.34100000","37.97000000"],["12.34800000","2551.93000000"],["12.38300000","0.00000000"]]}
{"e":"depthUpdate","E":1710730687022,"s":"UNIUSDT","U":4117972114,"u":4117972152,"b":[["12.30900000","11.35000000"],["12.30500000","266.28000000"],["12.30300000","247.83000000"],["12.30200000","534.79000000"],["12.29600000","208.63000000"],["12.29400000","1126.71000000"],["12.29300000","1833.12000000"],["12.29200000","1019.22000000"],["12.28200000","655.68000000"],["12.17600000","56.86000000"]],"a":[["12.31100000","199.43000000"],["12.31200000","43.72000000"],["12.31300000","239.23000000"],["12.31400000","496.62000000"],["12.31500000","522.88000000"],["12.32700000","387.55000000"],["12.33100000","1009.25000000"],["12.33400000","273.10000000"],["12.33500000","0.00000000"],["12.33600000","1151.54000000"],["12.33900000","756.63000000"],["12.34800000","2532.24000000"],["12.35300000","24.03000000"],["12.36300000","487.13000000"],["12.37900000","236.04000000"],["12.61800000","10.20000000"],["12.66500000","0.00000000"],["12.66600000","1.69000000"]]}
{"e":"depthUpdate","E":1710730688024,"s":"UNIUSDT","U":4117972153,"u":4117972216,"b":[["12.30900000","11.35000000"],["12.30700000","44.43000000"],["12.30600000","154.35000000"],["12.30500000","270.14000000"],["12.30400000","271.60000000"],["12.30300000","186.16000000"],["12.30200000","452.69000000"],["12.30100000","219.89000000"],["12.30000000","432.68000000"],["12.29700000","41.30000000"],["12.29600000","90.35000000"],["12.29500000","414.75000000"],["12.29400000","868.81000000"],["12.29300000","1985.33000000"],["12.29200000","1142.95000000"],["12.29100000","1528.54000000"],["12.28900000","0.00000000"],["12.28700000","655.47000000"],["12.28500000","1.38000000"],["12.27900000","288.37000000"]],"a":[["12.31100000","207.43000000"],["12.31500000","480.47000000"],["12.31600000","260.31000000"],["12.32100000","255.12000000"],["12.32200000","107.84000000"],["12.32300000","241.51000000"],["12.32500000","1320.46000000"],["12.33100000","874.25000000"],["12.35200000","363.41000000"],["12.36800000","1.99000000"]]}
{"e":"depthUpdate","E":1710730689023,"s":"UNIUSDT","U":4117972217,"u":4117972262,"b":[["12.31000000","13.96000000"],["12.30900000","0.00000000"],["12.30700000","11.34000000"],["12.30600000","8.13000000"],["12.30500000","113.90000000"],["12.30400000","41.15000000"],["12.30200000","105.37000000"],["12.30100000","301.23000000"],["12.30000000","626.94000000"],["12.29700000","154.28000000"],["12.29300000","2019.32000000"],["12.29200000","888.64000000"],["12.28800000","2586.80000000"],["12.28200000","452.51000000"],["12.28100000","374.35000000"],["12.27700000","1156.45000000"],["12.27400000","164.52000000"],["12.03300000","0.00000000"],["11.99600000","5.22000000"]],"a":[["12.31200000","150.92000000"],["12.31400000","240.48000000"],["12.31500000","207.88000000"],["12.31700000","437.58000000"],["12.32400000","1078.16000000"],["12.32500000","933.51000000"],["12.32700000","252.66000000"],["12.33100000","95.99000000"],["12.33300000","119.77000000"],["12.34800000","2513.96000000"],["12.38000000","0.54000000"],["12.45700000","3.40000000"],["12.46600000","13.01000000"]]}
{"e":"depthUpdate","E":1710730690022,"s":"UNIUSDT","U":4117972263,"u":4117972365,"b":[["12.31100000","0.00000000"],["12.31000000","22.08000000"],["12.30900000","158.47000000"],["12.30800000","139.47000000"],["12.30700000","165.48000000"],["12.30600000","204.79000000"],["12.30400000","79.76000000"],["12.30300000","322.16000000"],["12.30100000","610.59000000"],["12.29800000","266.51000000"],["12.29200000","902.60000000"],["12.28800000","482.40000000"],["12.28700000","708.57000000"],["12.28000000","2.01000000"],["12.27900000","2392.77000000"],["12.27800000","614.91000000"],["12.27500000","25.50000000"],["12.26600000","95.08000000"]],"a":[["12.31100000","49.12000000"],["12.31200000","12.03000000"],["12.31300000","49.37000000"],["12.31400000","240.48000000"],["12.31500000","451.53000000"],["12.31700000","133.78000000"],["12.31800000","202.38000000"],["12.32200000","223.45000000"],["12.32300000","281.79000000"],["12.32400000","677.46000000"],["12.32500000","615.34000000"],["12.32800000","761.26000000"],["12.33200000","1022.23000000"],["12.33300000","8.44000000"],["12.33400000","173.10000000"],["12.33500000","100.00000000"],["12.35200000","129.87000000"],["12.35500000","833.54000000"],["12.37300000","2.01000000"],["12.44800000","117.69000000"]]}
{"e":"depthUpdate","E":1710730691022,"s":"UNIUSDT","U":4117972366,"u":4117972387,"b":[["12.31000000","25.31000000"],["12.30400000","363.68000000"],["12.30300000","282.16000000"],["12.29600000","132.75000000"],["12.29500000","455.42000000"],["12.28200000","678.19000000"],["12.21500000","96.27000000"]],"a":[["12.31100000","121.28000000"],["12.31500000","329.71000000"],["12.31700000","174.37000000"],["12.32300000","1060.05000000"],["12.32400000","673.42000000"],["12.32700000","248.63000000"],["12.33200000","997.49000000"],["12.33300000","8.44000000"]]}
{"e":"depthUpdate","E":1710730692023,"s":"UNIUSDT","U":4117972388,"u":4117972567,"b":[["12.31300000","37.66000000"],["12.31200000","11.35000000"],["12.31100000","173.38000000"],["12.31000000","198.22000000"],["12.30900000","126.10000000"],["12.30800000","110.94000000"],["12.30700000","165.48000000"],["12.30600000","284.79000000"],["12.30500000","167.86000000"],["12.30400000","167.86000000"],["12.30300000","202.16000000"],["12.30200000","331.69000000"],["12.30100000","840.82000000"],["12.30000000","667.55000000"],["12.29800000","225.81000000"],["12.29700000","194.85000000"],["12.29600000","180.75000000"],["12.29500000","455.42000000"],["12.29400000","746.75000000"],["12.29200000","1004.61000000"],["12.28700000","655.47000000"],["12.28200000","619.55000000"],["12.26200000","3109.36000000"],["12.25500000","488.11000000"],["12.20000000","1363.29000000"],["12.16800000","82.72000000"]],"a":[["12.31100000","0.00000000"],["12.31200000","0.00000000"],["12.31300000","0.00000000"],["12.31400000","9.12000000"],["12.31500000","49.82000000"],["12.31600000","110.47000000"],["12.31700000","11.97000000"],["12.31800000","335.34000000"],["12.32000000","264.27000000"],["12.32100000","430.59000000"],["12.32400000","764.68000000"],["12.32500000","343.34000000"],["12.32800000","497.89000000"],["12.33000000","716.39000000"],["12.33100000","664.80000000"],["12.33400000","245.13000000"],["12.33500000","0.00000000"],["12.33700000","0.00000000"],["12.33800000","193.38000000"],["12.33900000","775.40000000"],["12.34000000","118.71000000"],["12.34100000","300.92000000"],["12.34200000","362.60000000"],["12.34300000","0.00000000"],["12.34400000","177.90000000"],["12.34700000","2307.01000000"],["12.35500000","600.00000000"],["12.35700000","143.08000000"],["12.35800000","265.93000000"],["12.35900000","0.00000000"],["12.36100000","160.90000000"],["12.36200000","340.03000000"]]}
{"e":"depthUpdate","E":1710730693024,"s":"UNIUSDT","U":4117972568,"u":4117972602,"b":[["12.31300000","29.54000000"],["12.31200000","40.49000000"],["12.31000000","133.13000000"],["12.30800000","175.97000000"],["12.30700000","286.78000000"],["12.30600000","188.54000000"],["12.30500000","167.86000000"],["12.30200000","524.83000000"],["12.29700000","370.51000000"],["12.29500000","414.75000000"],["12.28100000","328.15000000"],["12.24100000","148.43000000"],["12.23100000","0.70000000"],["12.17600000","56.86000000"],["4.43300000","5.44000000"]],"a":[["12.31400000","81.26000000"],["12.31600000","232.28000000"],["12.32000000","538.50000000"],["12.32100000","622.85000000"],["12.33100000","392.84000000"],["12.33700000","100.00000000"],["12.33900000","675.40000000"],["12.34900000","138.33000000"],["12.40100000","0.00000000"]]}
{"e":"depthUpdate","E":1710730694024,"s":"UNIUSDT","U":4117972603,"u":4117972680,"b":[["12.31300000","0.00000000"],["12.31200000","0.00000000"],["12.31100000","30.97000000"],["12.31000000","55.12000000"],["12.30900000","114.75000000"],["12.30800000","127.19000000"],["12.30700000","165.48000000"],["12.30600000","309.29000000"],["12.30500000","247.86000000"],["12.30400000","167.86000000"],["12.30300000","268.95000000"],["12.30200000","331.69000000"],["12.30100000","759.48000000"],["12.29800000","246.72000000"],["12.29700000","451.87000000"],["12.29200000","990.65000000"],["12.28200000","619.55000000"],["12.27900000","2106.95000000"]],"a":[["12.31200000","81.27000000"],["12.31300000","0.64000000"],["12.31400000","3.26000000"],["12.31700000","355.83000000"],["12.32400000","293.68000000"],["12.33100000","23.96000000"],["12.33300000","72.44000000"],["12.33800000","93.38000000"],["12.34400000","273.12000000"],["12.34900000","16.78000000"],["12.36600000","83.19000000"],["12.44100000","154.50000000"],["12.44200000","3.19000000"]]}
{"e":"depthUpdate","E":1710730695023,"s":"UNIUSDT","U":4117972681,"u":4117972835,"b":[["12.31100000","0.00000000"],["12.31000000","72.32000000"],["12.30900000","211.60000000"],["12.30600000","188.54000000"],["12.30500000","185.15000000"],["12.30400000","209.26000000"],["12.30300000","202.19000000"],["12.30200000","203.53000000"],["12.30100000","540.63000000"],["12.30000000","511.90000000"],["12.29900000","20.38000000"],["12.29800000","368.57000000"],["12.29700000","235.65000000"],["12.29600000","261.98000000"],["12.29400000","488.66000000"],["12.29300000","1551.53000000"],["12.29200000","548.75000000"],["12.29100000","1270.94000000"],["12.29000000","2851.61000000"],["12.28900000","318.19000000"],["12.28700000","250.00000000"],["12.28600000","952.97000000"],["12.28500000","406.82000000"],["12.28400000","0.00000000"],["12.28300000","382.33000000"],["12.28200000","905.37000000"],["12.28100000","60.91000000"],["12.28000000","720.42000000"],["12.27800000","142.31000000"],["12.27700000","868.05000000"],["12.27500000","500.10000000"],["12.27400000","720.22000000"],["12.27300000","454.88000000"],["12.27200000","245.07000000"],["12.27100000","212.92000000"],["12.26700000","45.39000000"],["12.25700000","0.00000000"],["12.24700000","408.49000000"],["12.24100000","0.00000000"],["12.23100000","149.25000000"]],"a":[["12.31100000","81.28000000"],["12.31200000","3.33000000"],["12.31300000","11.99000000"],["12.31400000","121.81000000"],["12.31500000","270.06000000"],["12.31600000","351.77000000"],["12.31800000","417.90000000"],["12.32000000","532.86000000"],["12.33500000","100.00000000"],["12.33600000","1251.54000000"],["12.33700000","60.00000000"],["12.34200000","362.60000000"],["12.34300000","95.22000000"],["12.34400000","117.90000000"],["12.41600000","31.88000000"]]}
{"e":"depthUpdate","E":1710730696023,"s":"UNIUSDT","U":4117972836,"u":4117972860,"b":[["12.31000000","61.02000000"],["12.30000000","583.49000000"],["12.29600000","295.30000000"],["12.29500000","479.75000000"],["12.28700000","292.32000000"],["12.28300000","340.02000000"],["12.28200000","619.55000000"]],"a":[["12.31100000","80.38000000"],["12.31200000","3.33000000"],["12.33000000","724.05000000"],["12.33300000","90.67000000"],["12.33500000","0.00000000"],["12.35000000","0.00000000"],["12.38500000","96.23000000"]]}
{"e":"depthUpdate","E":1710730697023,"s":"UNIUSDT","U":4117972861,"u":4117972869,"b":[["12.31000000","12.12000000"],["12.29800000","640.57000000"],["12.27300000","513.56000000"]],"a":[["12.31200000","14.68000000"],["12.32200000","467.14000000"],["12.32800000","254.41000000"],["12.33500000","100.00000000"],["12.33600000","1151.54000000"]]}
